3462 5452
895 635 1083 708 ..66-

382 781 498 856 bantur
517 781 585 865 ipsa
611 781 733 847 nordici
762 787 917 846 sermonis
943 787 1135 846 obscuritate
1166 791 1196 846 et
1226 783 1387 866 implicata
1415 783 1583 850 verborum

379 898 547 955 structura.
566 895 602 954 lit
614 893 693 954 hacc
708 894 838 972 insuper
853 894 987 972 allegata
1000 893 1115 955 merito
1130 899 1317 972 aspernatus
1333 900 1380 954 est
1394 895 1578 968 llorhofiuS‚

381 1000 608 1061 obscuritatem
631 1001 724 1060 istam
745 1017 778 1060 rc
798 1016 873 1060 vera
894 999 1009 1060 vitium
1030 1017 1098 1060 essa
1121 999 1354 1074 demonstrans,
1372 1005 1538 1080 corruptae
1555 1006 1584 1062 et

379 1105 412 1165 in
428 1105 567 1166 detenus
586 1105 693 1183 lapsae
707 1105 836 1182 linguae
855 1108 976 1178 notam,
997 1123 1015 1166 a
1037 1105 1158 1166 Scaldis
1182 1104 1369 1180 derivatam,
1385 1108 1440 1185 qui
1460 1109 1579 1186 optimo

377 1213 449 1291 jura
465 1211 734 1290 Septentrionales
749 1207 988 1291 Meistersaeupcr
1002 1210 1113 1271 haberi
1128 1216 1258 1289 possent
1274 1211 1328 1291 (l).

383 1409 633 1422 1.*

414 1541 450 1608 (l)
470 1543 540 1606 lint,
554 1546 678 1596 aea-297.
690 1571 717 1582 -
730 1545 782 1596 Nec
796 1543 871 1610 plura
885 1543 917 1595 de
930 1542 1010 1610 longa
1023 1545 1212 1606 controversia,
1224 1557 1277 1610 qua
1293 1541 1436 1595 Mochoilus
1448 1539 1588 1594 contendit

382 1649 441 1688 cum
455 1636 606 1689 Rudbcckio
619 1638 709 1690 ataiiis
720 1637 752 1690 de
764 1640 865 1704 origiue
879 1643 931 1688 tam
941 1637 1064 1690 celebrati
1077 1638 1196 1691 vocabuli
1207 1638 1425 1702 Bardiiastiiat„
1440 1638 1487 1688 aei
1503 1637 1585 1702 eqo),

382 1735 436 1786 iloc
454 1735 556 1784 tantum
576 1733 716 1786 dicandum
731 1734 900 1800 arbitramur,
924 1732 958 1785 ab
973 1745 1003 1784 eo
1019 1732 1142 1798 rejectam
1157 1745 1215 1784 asse
1229 1731 1431 1785 declinationem
1446 1743 1463 1782 a
1484 1730 1585 1782 succico

380 1827 480 1880 verbo:
497 1828 579 1878 tarda
600 1844 623 1872 -τ
645 1827 791 1890 vulnerare,
807 1833 842 1892 et,
856 1832 985 1882 Ammiani
1000 1829 1142 1881 Marcellini
1160 1829 1314 1894 Vagatiique
1333 1827 1491 1879 auctoritato
1511 1823 1583 1876 adhi-

380 1924 444 1986 bita,
460 1923 597 1976 lectionem
612 1939 618 1975 :
634 1925 752 1974 tierricus
766 1924 945 1977 antehabitam
955 1937 1022 1976 csse.
1039 1925 1126 1976 Manat
1142 1922 1217 1975 hodic
1232 1923 1326 1975 lectio:
1342 1921 1475 1982 tarditas,
1494 1924 1523 1972 at
1535 1931 1584 1971 non

379 2024 483 2074 constat
495 2020 564 2072 unda
577 2020 684 2072 verbum
701 2020 750 2073 hoc
762 2021 893 2072 derivetur
907 2018 951 2082 (ci.
966 2022 1046 2072 taciti
1064 2020 1218 2070 Germaniae
1232 2017 1307 2070 tita-
1319 2018 1361 2070 od.
1379 2020 1409 2069 il.
1424 2017 1584 2070 Schwaizcr-

381 2114 464 2168 Sidlcr
477 2114 574 2180 [istil.
591 2129 618 2181 p.
636 2119 649 2166 9
665 2115 697 2166 ad
712 2116 832 2174 notan).
