3446 5452
678 583 893 652 -179-

178 729 262 799 licet,
276 728 377 787 libelli
395 725 655 808 Unoorprcitliclre
670 725 834 788 Geronton
847 727 1063 804 paragraphos
1079 728 1167 786 35-38
1187 727 1278 786 nullo
1294 725 1392 786 modo

179 837 252 892 ante
266 850 389 893 annum
403 835 481 893 1691
491 835 650 894 conscribi
667 835 812 911 potuisse
827 836 883 910 (1).

219 941 376 1000 Leibnitio
396 941 521 1000 cautior
544 941 578 999 in
604 940 817 1018 suscipiendis
843 940 987 1000 consiliis
1011 957 1072 999 nec
1098 941 1141 998 ita
1165 944 1333 1016 promptus
1357 937 1397 998 ad

180 1064 308 1106 ornnem
326 1064 394 1106 rem
408 1065 525 1106 novam
541 1047 784 1126 excogitandam
801 1047 985 1118 norbanus,
1001 1047 1026 1106 si
1041 1047 1121 1107 forte
1136 1048 1170 1105 in
1183 1048 1265 1107 votis
1280 1046 1396 1106 habuit

181 1153 384 1213 sodalitatem
407 1153 581 1230 quamdam
605 1155 769 1227 constitui,
796 1171 866 1216 eam
893 1155 932 1214 ab
954 1155 1022 1214 istis
1047 1155 1179 1214 omnino
1204 1154 1396 1215 dissimilem

182 1265 280 1338 optat,
307 1279 388 1338 quae
413 1279 450 1322 eo
469 1279 571 1338 usque
595 1262 628 1320 in
651 1261 821 1322 Germania
846 1263 1042 1333 exstiterant,
1066 1261 1159 1338 eique
1181 1262 1276 1339 longe
1299 1262 1396 1321 aliam

162 1356 322 1447 'assignat
337 1385 477 1446 operam,
493 1374 588 1445 atque
605 1367 781 1428 Leibnitius
797 1369 925 1428 futurae
948 1367 1098 1428 Societati
1120 1367 1286 1444 praecipit,
1304 1368 1397 1445 cujus

182 1476 328 1534 instituta
343 1476 376 1534 in
387 1475 505 1534 libellis
518 1473 726 1555 Ermabanap
738 1479 770 1534 et
789 1473 1048 1555 Uaoorpreisliclte
1066 1472 1229 1534 Gedonlren
1245 1474 1395 1535 delineat.

221 1581 449 1659 Archaelogica
465 1582 552 1642 eninr
568 1582 710 1642 Societas
736 1581 944 1659 Upsaliensis,
958 1599 1060 1672 nouae,
1084 1582 1196 1658 paucis
1217 1585 1290 1641 ante
1305 1583 1397 1641 annis

183 1687 323 1758 condita,
337 1689 457 1764 optime
470 1687 535 1764 jam
549 1687 662 1746 merita
675 1691 742 1748 erat
755 1686 793 1747 de
809 1687 1047 1764 inquirentibus
1063 1691 1094 1746 et
1107 1687 1276 1747 edentibus
1291 1692 1399 1748 vetera

182 1794 482 1872 septentrionalium
498 1795 675 1853 litterarum
693 1799 913 1866 monumenta,
939 1793 1064 1854 videtur
1088 1795 1128 1866 ei,
1145 1812 1204 1854 nec
1224 1795 1396 1868 immerite,

181 1901 342 1977 optimum
358 1918 427 1960 esse
452 1900 576 1960 civibus
602 1901 669 1960 suis
695 1900 943 1978 proponendum
967 1901 1130 1978 exemplar
1149 1903 1204 1981 (9).
1225 1903 1283 1961 Per
1298 1906 1397 1962 totam

184 2007 387 2066 Germaniam
411 2005 578 2065 doctorum
605 2007 747 2066 virorum
772 2008 916 2067 laborem
943 2006 982 2066 ad
1011 2007 1231 2085 conquirenda
1254 2013 1398 2069 veterum

184 2119 365 2192 temporum
393 2117 601 2174 monumenta
627 2131 832 2193 congregare,
860 2131 1085 2191 quaecumque
1120 2115 1339 2192 manuscripta
1365 2117 1398 2174 in

187 2221 387 2280 monasteriis
409 2226 441 2279 et
461 2219 666 2279 bibliothecis
683 2220 802 2297 jacent,
833 2221 866 2280 in
879 2221 997 2292 lucem,
1022 2238 1152 2280 censum
1168 2225 1198 2280 et
1215 2223 1399 2299 interpreta-

185 2328 305 2386 tionem
332 2344 475 2397 evocare,
500 2327 750 2403 pretiosissimos
773 2314 845 2386 illos
871 2326 1051 2398 thesauros
1072 2327 1197 2387 nobiles
1213 2328 1317 2404 gentis
1337 2327 1398 2386 lin-

184 2450 329 2511 guaeque
344 2433 547 2512 germanicae
562 2433 684 2505 titulos,
702 2433 735 2492 in
747 2433 863 2510 vulgus
880 2431 983 2504 edere,
1001 2433 1154 2511 flagitato,
1171 2433 1196 2492 si
1210 2451 1260 2492 res
1276 2433 1396 2507 tulerit,

184 2539 366 2616 principum
383 2539 504 2598 auxilio
519 2544 550 2598 et
565 2539 757 2616 optimatum
779 2556 850 2616 ope,
871 2539 1030 2616 imprimis
1056 2540 1165 2599 conari
1185 2541 1313 2600 volebat
1328 2558 1397 2600 eam

184 2647 379 2716 societatem,
401 2663 496 2722 quam
519 2645 726 2705 vehementer
748 2646 917 2723 exoptabat
945 2663 951 2704 :
976 2645 1038 2706 lroc
1057 2647 1144 2705 enim
1169 2664 1237 2706 esse
1252 2664 1398 2707 necessa-

184 2751 1397 2829 rmmmmsmmmmmfflnmmmmmmwnfflfflmmmm

185 2859 324 2918 officium
348 2859 375 2917 ei
402 2857 619 2917 mandandum
643 2875 711 2917 esse
735 2859 910 2931 existimat,
937 2862 1024 2918 ratus
1050 2860 1233 2920 consociata
1257 2860 1347 2920 hunc
1366 2862 1399 2920 in

186 2963 1399 3041 mfflmnmmmmmsmmmmstmfflammimmemeabmmmm

184 3078 284 3149 parte,
302 3089 384 3148 quae
398 3071 496 3132 homo
512 3089 607 3143 unm,
622 3071 770 3148 quamvis
784 3070 909 3141 doctus
921 3071 1096 3130 benevolus
1112 3076 1143 3131 et
1159 3073 1305 3151 impiger,
1321 3074 1398 3133 solis

186 3178 252 3238 suis
267 3177 389 3237 viribus
404 3177 571 3236 absolvere
586 3194 756 3254 nunquam
772 3181 891 3254 posset.

226 3287 321 3344 Recte
336 3283 452 3343 iterum
469 3281 648 3360 providisse
662 3283 850 3343 Morhofium
865 3287 993 3359 postera
1007 3286 1110 3342 aetate
1126 3289 1328 3361 compertum
1340 3290 1396 3345 est.

188 3387 1398 3465 mmammdemMmffiwoemmMmmmammmmmafflmmm

189 3497 324 3557 sormam
348 3499 422 3554 sunt
439 3495 627 3573 excogitata,
651 3496 803 3573 pleraque
825 3500 930 3555 autem
952 3494 1001 3553 vel
1028 3494 1183 3554 intentata
1202 3496 1252 3555 vel
1276 3497 1328 3555 vix
1355 3499 1400 3555 in-

188 3603 303 3663 choata
330 3619 510 3662 remansere
533 3601 588 3681 (3).
616 3604 686 3662 Non
710 3619 831 3680 paucae
855 3600 983 3678 quidem
1007 3606 1094 3660 ortae
1110 3606 1185 3661 sunt
1211 3602 1398 3680 hujusmodi

220 3924 257 3988 (1)
274 3925 306 3974 Et
323 3927 454 3989 quantum
470 3925 579 3975 meritus
593 3925 627 3974 sit
639 3923 672 3974 de
684 3923 776 3989 lingua
791 3924 950 3973 Fureterius.
967 3923 1086 3974 conlecto
1103 3923 1221 3972 Tectnico
1233 3936 1281 3973 suo
1295 3923 1400 3980 terrico,

192 4018 283 4069 iisdem
299 4018 353 4070 fere
366 4019 452 4070 verbis
471 4033 564 4069 rursus
578 4018 766 4070 animadvertit
778 4017 923 4068 leibnitius
939 4019 964 4067 in
979 4018 1096 4082 Epistola
1110 4018 1142 4067 ad
1156 4016 1283 4068 Abbatem
1299 4017 1402 4066 Nicaise

191 4117 422 4166 11111016961697
446 4115 536 4175 missa,
561 4127 592 4164 eo
616 4115 674 4178 ipso
696 4112 798 4164 scilicet
816 4114 945 4176 tempore,
968 4125 1021 4176 quo
1046 4110 1162 4162 libellum
1182 4108 1402 4175 Urrvorpretsticte

191 4209 326 4259 Gedcnken
337 4208 512 4274 componebat
523 4207 570 4275 (ct.
588 4208 658 4268 Dat,
673 4209 703 4268 V,
721 4209 788 4268 517).

223 4307 259 4370 (2)
280 4305 349 4366 bnt,
365 4305 452 4363 65-66,
471 4305 528 4352 290.
546 4328 575 4340 -
591 4303 637 4352 Cui
652 4300 797 4352 Leihnitius
815 4313 922 4366 quoque
933 4301 1052 4350 meritam
1070 4298 1275 4358 retentandam,
1295 4311 1356 4350 cum
1370 4297 1402 4347 de

191 4399 329 4450 condenda
342 4397 471 4447 Societcte
484 4398 612 4446 Historiae
625 4395 658 4447 ad
674 4393 812 4446 Ludolium
827 4394 919 4445 scribit
931 4395 1013 4458 (Dat,
1027 4396 1069 4454 Vl,
1086 4397 1139 4462 96).
1246 4377 1249 4381 ’

226 4490 259 4558 (3)
282 4494 316 4542 be
337 4490 447 4542 diversis
461 4490 683 4541 instituendarum
703 4489 864 4540 societatum
878 4487 994 4540 consiliis
1008 4491 1034 4539 et
1049 4467 1171 4552 inceptis,
1185 4487 1219 4538 ci.
1236 4487 1264 4536 11.
1282 4485 1401 4542 Schultz,

191 4586 237 4635 Die
255 4583 441 4650 Bestrebunqen
457 4583 503 4633 der
516 4581 812 4648 Spraelryeseltselraslen
828 4582 871 4631 dea
885 4583 925 4631 17.
938 4581 1136 4641 auertendam,
1158 4597 1183 4648 p.
1203 4585 1259 4634 121.
1284 4606 1310 4618 -
1328 4583 1398 4630 inter
