3462 5452
818 627 1003 704 ,1,1..

305 775 568 859 necquidquam
605 775 773 841 delinitum
808 783 867 841 sibi
898 783 971 843 inde
1001 784 1071 843 elici
1109 801 1202 860 posse
1237 782 1336 856 visus,
1368 781 1516 863 quamvis

307 909 321 940 a
340 886 541 946 Elichmanni
559 890 590 946 et
609 887 758 947 Salmasii
775 887 885 965 'fidem‘
901 889 933 948 in
953 888 1089 949 dubium
1110 908 1222 950 vocare
1247 909 1313 951 non
1334 891 1466 951 auderet
1483 908 1514 962 »;

305 990 344 1050 ad
362 991 424 1051 hoc
442 991 573 1052 demum
595 992 796 1069 confugiens,
821 998 856 1053 ut
873 992 1025 1054 fateretur
1047 995 1107 1054 sibi
1125 995 1209 1056 hanc
1224 1019 1238 1051 «
1257 995 1514 1074 cognationem»

303 1116 369 1158 non
392 1099 435 1157 ita
449 1098 652 1175 perspicuam
667 1115 829 1174 apparere,
846 1116 944 1175 quam
959 1099 1034 1158 viris
1048 1099 1149 1160 doctis
1163 1105 1245 1160 essct
1258 1101 1326 1160 visa
1341 1101 1393 1180 (1).

345 1207 521 1276 Postremo,
543 1221 618 1263 cum
640 1204 746 1280 ipsum
770 1221 835 1263 nou
851 1205 974 1282 lugeret
996 1206 1121 1265 nullam
1147 1224 1215 1266 esse
1235 1208 1322 1266 viam
1340 1225 1403 1284 qua
1419 1212 1467 1267 tot
1487 1211 1518 1266 et

305 1315 371 1370 tam
385 1315 471 1370 certa
485 1308 679 1369 documenta
696 1309 884 1368 tollerentur
896 1311 945 1368 vel
958 1311 1238 1383 imminuerentur,
1256 1313 1302 1371 rei
1315 1312 1517 1389 probabilem

305 1415 480 1493 quamdam
495 1420 629 1474 conatur
643 1415 822 1492 excogitare
839 1415 1146 1493 interpretationem,
1166 1417 1282 1476 miram
1301 1417 1433 1493 quidem
1447 1435 1518 1476 orn-

304 1523 382 1581 nino
398 1521 483 1591 etei,
500 1537 598 1597 quam
613 1519 787 1579 Morhollus
803 1521 937 1580 l'eliciter
948 1527 1169 1599 proposuerat,
1180 1522 1299 1583 directe
1310 1524 1516 1583 contrariam.

306 1628 391 1686 Nihil
408 1625 495 1686 aliud
511 1626 597 1685 enim
613 1627 641 1685 ei
658 1627 691 1684 in
706 1633 847 1686 mentem
864 1628 962 1699 venit,
978 1629 1040 1687 nisi
1056 1629 1213 1688 vocabula
1232 1629 1292 1688 ista
1308 1628 1340 1687 in
1355 1629 1517 1688 Persicam

306 1735 451 1812 linguam
475 1732 703 1809 agermanicis
724 1733 859 1792 coloniis
878 1733 977 1793 luisse
1000 1735 1109 1806 allata,
1134 1752 1152 1794 a
1173 1735 1296 1794 Parthis
1323 1751 1452 1811 nempe,
1480 1753 1518 1795 ex

304 1840 435 1918 Scythia
451 1839 626 1911 exsulibus,
644 1840 676 1898 in
692 1839 852 1899 Persidem
864 1838 963 1899 luisse
979 1840 1161 1900 introducta
1171 1843 1227 1918 (E).
1246 1841 1366 1900 Mutato
1383 1840 1516 1917 quidem

305 1948 388 2018 loco,
405 1951 548 2006 mutatur
562 1951 593 2006 et
618 1946 685 2023 ipsa
703 1947 772 2024 ejus
784 1947 904 2026 opini0,
922 1952 977 2006 aut
992 1947 1099 2023 potius
1115 1948 1277 2024 opinionis
1298 1947 1516 2019 adumbratio,

307 2060 337 2114 et
361 2071 438 2114 mox
460 2053 598 2129 reperias
619 2053 716 2113 aliam
747 2052 966 2130 explanandae
994 2053 1190 2114 difficultatis
1218 2055 1387 2127 rationem,
1414 2056 1518 2115 Persis

307 2161 389 2221 inter
399 2161 557 2238 scythicas
572 2160 717 2219 nationes
733 2159 900 2237 adscriptis
915 2161 970 2239 (3),
985 2179 1049 2237 quo
1063 2163 1117 2220 liat
1132 2166 1168 2220 ut
1180 2179 1234 2220 eos
1249 2179 1265 2221 e
1281 2162 1424 2240 scythico
1438 2185 1452 2216 «
1467 2162 1517 2221 vel

307 2269 490 2346 germanico
504 2289 518 2320 a
540 2267 626 2326 l'onte
653 2265 807 2325 oriundos
832 2273 979 2342 reputare
995 2268 1098 2344 possis
1123 2272 1154 2327 et
1176 2285 1288 2327 eorum
1308 2269 1430 2345 lingua,
1453 2285 1518 2328 una

307 2393 382 2435 cum
407 2377 545 2434 Armena
564 2379 594 2434 et
613 2373 800 2450 Georgiaua,
823 2397 836 2426 ι(
862 2373 1002 2433 mixtura
1024 2373 1164 2450 quadam
1184 2391 1222 2434 ex
1243 2375 1368 2453 Scythis
1389 2378 1420 2434 et
1439 2376 1517 2434 Ara-

307 2483 417 2555 maeiS,
435 2487 588 2558 tanquam
602 2481 634 2539 in
647 2480 798 2552 conlinio,
814 2484 889 2538 nata
904 2479 1050 2539 videatur
1062 2479 1095 2560 9(
1118 2483 1139 2560 ).

345 2591 464 2665 Nempe
486 2589 547 2648 hoc
567 2588 595 2647 ei
618 2587 825 2664 potissimum
845 2588 970 2664 placere
993 2591 1134 2664 apparet,
1158 2593 1194 2648 ut
1216 2605 1328 2648 omnes
1349 2593 1459 2667 gentes
1477 2605 1516 2650 ex

208 2713 209 2716 ’
307 2698 457 2760 extremis
474 2695 774 2773 septentrionalium
788 2695 958 2771 regionum
979 2693 1107 2753 latebris
1123 2695 1157 2754 in
1173 2696 1333 2773 Europam
1354 2700 1385 2755 et
1407 2696 1516 2755 Asiam

306 2803 493 2882 migravisse
521 2806 650 2874 statuat,
674 2818 812 2878 cumque
838 2801 865 2860 ei
891 2800 1032 2876 quodam
1061 2801 1132 2861 loco
1161 2800 1330 2862 admittere
1352 2803 1517 2879 contingat

308 2939 322 2970 a
338 2915 485 2976 homines
501 2929 540 2972 ex
552 2912 626 2970 Asia
639 2912 671 2971 in
685 2911 843 2988 Europam
856 2910 980 2968 venisse
996 2932 1010 2962 »
1021 2911 1075 2989 (5),
1091 2909 1279 2986 hujusmodi
1291 2910 1517 2988 migrationem

308 3041 326 3082 a
348 3040 380 3081 se
399 3025 526 3081 tantum
553 3018 625 3079 ideo
648 3016 848 3096 probandam
870 3019 1046 3092 profitetur,
1064 3016 1150 3093 quod
1166 3034 1236 3076 earn
1250 3040 1264 3072 «
1277 3035 1315 3076 ex
1331 3017 1513 3095 scripturae

308 3134 441 3195 Sanctae
462 3129 650 3189 auctoritate
677 3129 820 3185 assumat
835 3147 862 3197 »,
884 3124 1017 3183 minime
1044 3127 1152 3188 autem
1176 3141 1213 3183 eo
1238 3125 1359 3198 anime,
1386 3129 1422 3184 ut
1441 3123 1515 3184 inde

307 3237 486 3317 quidquam
500 3235 537 3295 de
552 3235 735 3312 linguarum
752 3236 919 3291 stemmata
931 3230 1155 3291 constituendo
1171 3235 1321 3291 tentetur.

345 3342 624 3418 Quemadmodum
645 3341 730 3400 enim
754 3357 852 3399 unam
877 3338 1023 3398 omnium
1047 3339 1192 3416 gentium
1219 3363 1232 3393 «
1246 3339 1394 3417 vaginam
1408 3362 1422 3393 »
1440 3339 1516 3417 Scy-

308 3455 408 3514 thiam
424 3451 569 3529 agnoscit
582 3451 636 3528 (6),
654 3447 738 3508 unde
755 3464 899 3525 egressae
923 3445 987 3504 sint
1008 3450 1142 3506 cunctae
1164 3444 1335 3505 hominum
1357 3449 1512 3519 catervae,

309 3579 390 3642 quae
405 3564 516 3639 postea
532 3560 691 3636 Europam
707 3561 737 3617 et
758 3554 866 3615 Asiam
884 3553 1019 3614 coloniis
1042 3553 1254 3630 impleverint,
1272 3570 1373 3633 eoque
1389 3557 1514 3614 tautum

1256 3762 1506 3776 *a*

338 3899 372 3966 (1)
391 3899 462 3963 Dat..
486 3897 527 3962 lV,
551 3912 612 3967 pars
628 3901 652 3962 9,
673 3911 699 3966 p.
728 3900 774 3950 189
785 3911 794 3963 3
819 3895 1076 3960 vl‚121,2ee;vl‚
1100 3908 1161 3963 pars
1178 3896 1202 3959 2,
1225 3905 1253 3963 p.
1273 3895 1340 3960 111)
1359 3893 1420 3946 Une.
1438 3891 1513 3958 Ged,

304 3996 319 4063 fl
332 4000 373 4050 ll.

337 4091 466 4159 (1)(191,
487 4093 528 4156 lv,
553 4106 614 4160 pars
635 4093 659 4155 9,
676 4105 701 4159 p.
727 4092 792 4156 l893
814 4089 854 4152 vl,
879 4091 922 4142 111
941 4093 966 4141 et
984 4089 1040 4142 199.
1058 4085 1170 4150 -Quin
1192 4087 1272 4141 etlam
1294 4085 1328 4138 ab
1351 4085 1414 4153 lpsls
1440 4084 1512 4136 dotis

302 4193 385 4246 multa
409 4193 434 4242 ln
461 4195 589 4242 Persicam
614 4189 733 4256 linguam
759 4185 887 4241 voeabula
913 4185 992 4239 tuisse
1019 4185 1099 4238 allate
1123 4187 1149 4238 ln
1174 4183 1261 4238 libello
1288 4178 1508 4252 quorqru'slr'ole

306 4284 442 4343 dedendae
458 4287 609 4354 suspicetur
621 4279 647 4352 (ᾗ
662 4281 714 4346 ll).

335 4387 369 4453 (9)
388 4384 458 4448 Dal..
474 4385 515 4446 vl,
528 4397 590 4452 pars
605 4386 629 4446 9,
644 4396 670 4451 p.
686 4385 743 4437 1871

336 4485 370 4552 (9)
390 4481 465 4546 leid..
481 4484 522 4546 111,
539 4496 600 4550 pars
613 4484 637 4544 9,
654 4495 679 4550 p.
698 4483 754 4534 189.

336 4581 373 4644 (9)
392 4579 467 4644 ura..
483 4582 525 4643 u.
542 4595 603 4650 pars
616 4583 640 4644 9,
654 4595 680 4650 p.
697 4584 754 4640 1999

337 4679 373 4758 (9)
392 4680 466 4750 lou..
484 4682 523 4748 t'l,
541 4685 597 4736 llte
