3446 5452
725 576 938 660 ³151-

211 725 341 810 linguis
355 729 496 792 vicissim
512 730 649 792 contulit
662 734 693 791 et
707 729 746 792 ad
761 730 794 792 id
811 732 877 810 jam
894 731 991 802 venit,
1015 733 1188 804 uteorum,
1206 749 1287 810 quae
1304 727 1430 804 dixerit,

215 855 380 900 summam
395 839 523 911 faceret,
540 839 659 898 veritus
678 839 811 898 fortasse
832 856 872 898 ne
896 839 1025 916 proprio
1050 838 1179 898 arbitrio
1199 839 1302 898 nimio
1324 838 1432 899 indul-

217 963 295 1024 gere
312 945 484 1017 videretur,
507 945 775 1005 humanissimum
803 962 860 1023 pro
883 962 920 1004 eo
941 949 1083 1022 tempore
1104 945 1206 1004 virum
1232 946 1265 1005 in
1288 947 1431 1006 testimo-

216 1051 314 1110 nium
330 1051 471 1121 adducit,
492 1051 647 1111 illustrem
664 1051 870 1128 Conringium
893 1068 1019 1128 nempe,
1044 1069 1107 1128 quo
1129 1069 1194 1110 non
1215 1054 1335 1130 majore
1354 1057 1432 1114 tune

221 1159 413 1218 auctoritate
426 1157 552 1237 vigebat
567 1158 646 1217 alter
660 1157 744 1217 inter
757 1157 1008 1217 studiosissimos
1031 1159 1267 1236 acerrimosque
1284 1160 1431 1237 antiqua-

219 1282 293 1325 rum
309 1265 494 1343 linguarum
509 1268 539 1324 et
551 1265 727 1324 litterarum
743 1269 913 1336 amatores,
936 1267 977 1336 et,
995 1269 1148 1342 usurpato
1164 1266 1300 1326 feliciter
1314 1267 1432 1326 summi

220 1372 281 1431 viri
296 1371 334 1432 de
349 1372 459 1450 lingua
473 1371 654 1450 germanica
667 1371 801 1448 judicio,
819 1371 869 1430 his
885 1371 1004 1449 optime
1020 1377 1147 1449 perorat
1160 1373 1284 1432 verbis:
1303 1374 1432 1432 «Habet

220 1479 404 1558 germanica
431 1479 551 1556 lingua,
571 1495 634 1554 qua
648 1495 679 1537 se
694 1495 768 1554 prae
794 1478 912 1538 Graeca
934 1477 1053 1555 pariter
1076 1482 1107 1537 et
1132 1478 1242 1538 Latina
1266 1497 1431 1539 commen-

222 1584 287 1657 dat,
314 1584 409 1644 simul
441 1583 662 1644 incredibilem
693 1588 787 1661 atque
810 1583 967 1643 infinitam
993 1601 1106 1643 vocum
1138 1585 1430 1662 componendarum

220 1691 285 1750 vim
303 1708 339 1750 ac
353 1690 549 1762 felicitatem,
575 1689 670 1749 habet
685 1690 846 1768 primitiva
860 1691 1011 1766 plurima,
1033 1690 1130 1750 modo
1147 1692 1246 1769 probe
1265 1696 1429 1752 eruantur.

221 1801 286 1860 Nec
320 1803 367 1857 est
390 1795 512 1874 aliquid
544 1801 663 1856 temere
688 1797 875 1875 elegantiae,
899 1814 963 1873 quo
993 1797 1145 1874 cuiquam
1179 1798 1363 1877 linguarum
1391 1799 1432 1859 sit

223 1903 420 1965 secunda...
447 1903 531 1975 Quas
552 1902 641 1963 dotes
667 1907 698 1962 et
722 1921 819 1980 quam
849 1902 1034 1962 felicitatem
1055 1921 1122 1963 non
1146 1921 1329 1982 agnoscere,
1358 1903 1430 1965 ideo

222 2014 330 2072 autem
352 2010 506 2071 duntaxat
533 2010 629 2070 vilius
653 2010 709 2070 illa
733 2010 911 2083 aestimare,
938 2011 1091 2087 quoniam
1118 2011 1244 2072 exotica
1266 2030 1332 2074 non
1357 2016 1432 2073 sunt

221 2118 301 2178 haec
316 2118 411 2189 bona,
428 2116 597 2196 indignum
610 2116 753 2194 profecto
769 2117 894 2177 facinus
910 2121 968 2189 est,
991 2135 1050 2178 nec
1066 2118 1267 2180 tolerandum
1290 2121 1431 2198 pruden-

220 2224 308 2284 tibus
325 2225 409 2299 »(l).

262 2329 405 2392 Oratorio
428 2328 557 2420 ingenio
574 2329 673 2407 magis
695 2329 866 2407 indulgens
890 2329 1065 2388 Leihnitius
1089 2331 1165 2390 satis
1188 2330 1284 2391 habet
1306 2350 1374 2392 eam
1398 2334 1431 2393 in

224 2453 351 2496 summa
371 2435 513 2507 laudare,
541 2435 715 2512 conspicuo
739 2435 868 2512 quidem
897 2436 1079 2512 praeconio,
1106 2436 1160 2496 sed
1186 2438 1376 2498 testimoniis
1401 2444 1432 2499 et

225 2541 379 2620 exemplis
395 2542 526 2601 omnino
538 2543 665 2601 carente
681 2546 722 2613 et,
740 2542 766 2601 si
780 2558 881 2601 unum
898 2541 1036 2619 excipias
1052 2542 1170 2615 locum,
1191 2543 1288 2603 nimis
1305 2544 1338 2602 in
1358 2545 1432 2604 uni-

224 2666 330 2708 versas
346 2647 547 2708 definitiones
568 2651 599 2707 et
623 2664 808 2708 communes
831 2648 1069 2708 observationes
1094 2647 1235 2726 delapso
1258 2651 1429 2726 Postquam

226 2757 310 2818 enim
342 2757 369 2816 ei
403 2758 501 2817 semel
530 2757 780 2818 animadvertere
806 2757 951 2836 contigit,
975 2761 1012 2817 ut
1038 2774 1134 2833 supra
1160 2758 1429 2819 memoravimus:

223 2889 237 2919 a
255 2864 307 2925 lclr
324 2864 419 2936 finde,
436 2863 492 2924 das
505 2862 556 2924 die
578 2865 755 2924 Teutsehen
774 2864 842 2923 ihre
863 2864 1002 2942 Sprache
1018 2863 1135 2923 bereits
1157 2863 1241 2924 hoch
1259 2864 1381 2936 bracht,
1398 2867 1431 2926 in

222 2971 319 3030 allem
334 2970 417 3042 dem,
433 2988 467 3030 so
485 2971 541 3029 mit
554 2970 615 3030 den
629 2969 711 3030 tund
726 2971 846 3031 Sinnen
861 2988 899 3030 zu
914 2970 1098 3048 begreiffen,
1110 2974 1196 3030 ete...
1214 2994 1228 3025 »
1245 2971 1300 3047 (⁶2),
1314 2972 1432 3034 frustra

223 3077 398 3155 quidquam
416 3077 554 3154 amplius
569 3077 722 3154 requiras,
738 3076 818 3136 nihil
833 3077 919 3136 ultra
936 3075 1013 3136 dicit
1032 3077 1208 3154 eademque
1232 3082 1359 3138 tantum
1382 3079 1431 3138 his

222 3185 327 3244 verbis
343 3185 478 3263 repetit:
497 3207 511 3238 «
529 3183 655 3244 Stecket
673 3184 740 3244 also
759 3185 800 3243 im
816 3183 994 3244 Teutsehen
1013 3184 1204 3257 Alterthum,
1224 3184 1290 3244 und
1305 3185 1433 3246 sender-

223 3289 288 3349 lich
302 3291 334 3350 in
349 3288 405 3348 der
419 3288 596 3349 Teutsehen
611 3289 759 3349 uhralten
778 3288 916 3367 Sprache
922 3335 981 3348 .....
999 3288 1055 3349 der
1075 3291 1240 3367 Ursprung
1259 3289 1315 3350 der
1334 3293 1432 3351 Euro-

220 3395 381 3474 paeischen
395 3395 541 3456 Voelcker
552 3394 619 3454 und
634 3395 807 3472 Sprachen,
825 3399 911 3466 etc..,
931 3417 966 3454 .»
985 3394 1039 3473 (3),
1055 3394 1141 3472 quod
1157 3400 1240 3455 certe
1257 3395 1431 3456 Morhofrus

221 3503 289 3580 jam
305 3502 416 3562 crebro
432 3501 507 3560 satis
523 3501 732 3560 dictitaverat.

262 3611 327 3670 Hac
342 3610 440 3687 igitur
454 3609 577 3668 ratione
600 3607 802 3685 conscriptis,
826 3610 862 3665 ut
881 3606 926 3666 ita
945 3604 1060 3677 dicam,
1083 3607 1283 3684 germanicae
1303 3608 1432 3686 linguae

222 3717 376 3777 virtutum
392 3719 422 3775 et
436 3716 588 3774 vitiorum
610 3715 740 3782 tabulis,
764 3714 875 3773 ambos
898 3712 989 3772 decet
1012 3711 1185 3789 inquirere,
1211 3730 1275 3790 quo
1296 3715 1431 3774 consilio

222 3822 403 3884 reconditae
421 3823 490 3900 ejus
503 3822 636 3881 virtutes
650 3821 796 3881 suscitari
811 3824 842 3880 et
856 3819 1055 3896 amplificari,
1077 3822 1132 3878 aut
1151 3818 1320 3879 manifesta
1334 3821 1432 3879 nimis

221 3930 299 3991 vitia
313 3928 478 3990 emendari
501 3932 533 3988 et
554 3928 702 4006 castigari
729 3926 864 4005 possint,
889 3929 930 3997 et,
947 3942 1019 3984 curn
1033 3924 1122 3984 varia
1143 3925 1312 4002 hucusque
1327 3943 1432 4005 praes-

223 4037 324 4114 cripta
344 4035 484 4095 remedia
507 4033 594 4094 haud
617 4033 748 4094 omnino
764 4033 906 4092 abnuant
928 4031 1035 4102 ambo,
1059 4035 1193 4107 uterque
1212 4033 1332 4104 tamen,
1345 4049 1434 4109 prae

222 4144 332 4204 sertim
346 4142 530 4211 Morhofius,
548 4158 585 4200 ea
599 4141 695 4200 nimis
710 4140 852 4200 violenta
868 4138 1034 4198 curatione
1050 4137 1179 4198 admota
1191 4155 1260 4198 esse
1279 4138 1429 4200 declarat.

1128 4298 1431 4309 ——ss—

259 4393 296 4460 (t)
317 4394 387 4455 cna,
403 4395 461 4443 ⁴52.

257 4490 293 4552 (2)
314 4488 376 4537 Uno.
391 4487 453 4536 cer.
469 4487 484 4550 ᾖ
499 4489 524 4536 9.

261 4579 299 4652 (3)
317 4580 393 4642 leid,
410 4581 469 4650 §46
477 4595 486 4646 ;
500 4579 534 4633 cf.
548 4580 563 4643 ἓ
577 4582 608 4630 ta
623 4582 649 4631 et
663 4581 704 4630 ⁴8.
