3462 5452
679 587 871 664 ⁶71-

163 739 235 807 nici
249 760 423 815 sermones,
437 740 570 805 minime
596 741 728 805 fortuito
741 760 818 804 casu
838 747 892 804 aul
913 741 1065 822 gliscente
1086 740 1119 804 in
1144 738 1299 821 quasdam
1315 735 1379 803 dia·

163 853 270 915 lectos
287 853 505 932 corruptione,
524 852 578 914 sed
595 853 689 915 solita
702 857 733 914 et
753 852 891 915 naturali
907 853 1005 933 hujus
1018 855 1126 914 motus
1136 850 1377 915 continuatione

163 961 308 1042 expedit.

209 1072 316 1147 Longe
332 1067 473 1147 quidem,
491 1068 607 1148 inquit,
624 1068 707 1129 inter
730 1085 762 1128 se
788 1085 875 1128 nuno
900 1065 1029 1140 distant,
1050 1065 1197 1127 admissis
1220 1064 1377 1144 paulatim

165 1177 276 1237 omnis
292 1175 416 1255 generis
430 1175 674 1248 mutationibus,
689 1191 851 1235 sermones
864 1174 912 1233 illi
929 1191 937 1247 3
960 1173 1015 1234 sed
1031 1174 1133 1251 magis
1147 1172 1242 1233 etiam
1259 1172 1378 1232 dissen-

164 1285 264 1355 tiunt,
282 1282 430 1344 discursu
440 1283 606 1361 temporis,
623 1283 718 1344 multi
740 1282 795 1360 qui
816 1282 937 1342 similes
953 1282 992 1342 ab
1005 1281 1127 1360 origine
1142 1282 1283 1342 luerunt.
1301 1283 1377 1341 Pro-

166 1390 293 1450 clivitas
309 1388 348 1449 ad
377 1389 553 1466 quemlibet
578 1405 695 1449 sonum
710 1392 766 1448 aut
788 1389 894 1467 major
920 1387 1112 1465 quibusdam
1139 1388 1203 1448 oris
1232 1387 1376 1466 partibus

166 1513 322 1557 concessa
337 1494 420 1556 actio
433 1496 478 1554 ita
488 1496 607 1555 sensim
622 1495 854 1556 vocabulorum
869 1499 1016 1556 naturam
1031 1495 1231 1573 formamque
1253 1496 1379 1556 llectere

166 1603 288 1674 valent,
303 1605 339 1663 ut
349 1602 509 1664 artissimo
523 1619 608 1662 nexu
633 1602 715 1662 inter
735 1619 768 1662 se
784 1602 817 1661 in
833 1600 946 1662 eadem
966 1601 1076 1679 lingua
1098 1603 1288 1680 conjunctae
1310 1600 1378 1661 dia·

167 1708 245 1772 lecti
269 1707 352 1768 nihil
376 1708 509 1769 omnino
533 1709 659 1786 cognati
676 1708 846 1768 retinuisse
864 1707 1032 1770 videantur
1046 1709 1090 1783 (1)
1106 1726 1113 1780 ;
1132 1709 1225 1786 cujus
1249 1725 1379 1769 couver-

169 1814 271 1875 sionis
296 1818 326 1874 ct
350 1814 460 1892 lingua
484 1832 607 1893 graeca,
637 1819 668 1874 et
692 1813 885 1887 romanicae,
909 1819 939 1874 et
965 1814 1152 1892 praesertim
1176 1815 1380 1891 germanicae

168 1921 299 1999 linguae
321 1921 424 1981 multa
451 1921 604 1998 praebent
618 1919 809 1981 documenta
837 1923 890 1994 (2).
921 1923 1005 1981 Haeo
1034 1938 1144 1982 rursus
1172 1920 1284 1981 iisdem
1313 1921 1378 1983 fere

167 2026 274 2088 verbis
290 2027 467 2088 Leibnitius
479 2028 512 2088 iu
528 2025 617 2088 Brevi
634 2025 847 2107 Desipnotione
861 2029 998 2106 explicat
1022 2033 1052 2090 et
1076 2033 1176 2089 totam
1192 2047 1209 2090 a
1225 2029 1378 2090 llorlrodo

167 2132 360 2213 jamdudum
373 2134 544 2194 allatorum
559 2139 820 2213 argumentorum
850 2134 963 2194 seriem
980 2132 1202 2194 [antummodo
1218 2134 1333 2212 iterat(
1355 2140 1377 2210 ).

208 2241 299 2300 Errat
313 2243 476 2318 praeterea
488 2243 519 2300 et
534 2241 649 2301 merito
662 2240 916 2318 reprehenditur,
932 2242 988 2319 qui
1009 2244 1101 2319 putat
1116 2259 1153 2300 eo
1180 2242 1379 2301 vitiosiorem

170 2352 200 2407 ct
213 2348 447 2425 corruptiorem
458 2365 635 2407 sermonem
647 2365 726 2421 esse,
737 2365 800 2425 quo
812 2348 940 2426 longius
956 2349 988 2406 in
997 2348 1261 2425 septentrionales
1275 2353 1380 2426 partes

168 2455 390 2533 protendatur.
406 2454 497 2527 Quod
523 2456 616 2534 longe
639 2471 730 2516 secus
747 2460 815 2524 est;
838 2472 925 2522 nam,
953 2455 978 2514 si
1008 2455 1255 2515 consonantium
1279 2459 1381 2514 muta-

169 2564 274 2623 tiones
288 2562 450 2640 respicias‚
467 2563 655 2622 Germaniae
672 2562 856 2640 superioris
879 2563 1067 2640 praesertim
1095 2561 1300 2635 meridianae,
1318 2561 1382 2622 dia-

170 2673 273 2732 lectos
288 2688 306 2730 a
323 2669 514 2748 primigenia
540 2670 771 2730 Germanorum
799 2668 910 2746 lingua
938 2669 1078 2728 maxime
1103 2669 1271 2729 abhorrere
1298 2687 1385 2729 com-

170 2781 296 2856 pertum
308 2776 425 2836 habeas
441 2773 493 2854 (1).
511 2775 686 2836 Saronicus
713 2792 817 2834 sermo
833 2777 944 2834 eontra
960 2777 1038 2834 utet
1064 2774 1220 2846 suecicae,
1237 2774 1381 2847 donicus,

172 2883 360 2956 islandious,
385 2885 520 2962 geticae,
546 2882 645 2961 hujus
676 2881 938 2942 commutationis
967 2881 1128 2941 immunes
1168 2898 1381 2960 permansero,

173 2996 203 3053 et
226 2990 354 3052 fidelius
377 2989 597 3050 intemeratam
624 2988 777 3066 pristinae
807 2989 895 3048 illius
916 2988 1046 3065 linguae
1072 2985 1214 3047 indolem
1243 3003 1385 3046 serrave-

171 3102 248 3160 runt
263 3096 317 3176 (5).
340 3096 439 3157 llulto
453 3096 595 3174 propior,
612 3099 648 3155 ut
671 3094 854 3172 exeurplum
870 3093 1030 3161 alteratur,
1046 3093 1143 3152 veteri
1168 3093 1296 3172 linguae
1314 3110 1385 3170 ger-

173 3204 317 3265 manicae
345 3201 498 3262 remansit
521 3200 677 3262 hodicrna
698 3202 815 3260 Batava
842 3200 990 3259 etmulto
1016 3200 1159 3258 minores
1182 3205 1310 3277 experta
1325 3203 1383 3271 est,

172 3311 355 3372 labentibus
380 3308 528 3381 sacculis
556 3308 763 3377 mutationes,
797 3324 896 3385 quam
922 3306 1069 3385 ejusdem
1099 3306 1211 3366 aetatis
1239 3306 1384 3383 superior

173 3417 367 3496 germanica,
392 3433 485 3493 quae,
519 3431 595 3493 prae
631 3414 698 3487 illa,
730 3413 906 3474 admodum
942 3430 1051 3474 recens
1089 3413 1243 3474 dialectos
1274 3412 1383 3473 haberi

173 3528 279 3604 potest
290 3523 345 3599 (6).

214 3630 300 3693 Illud
313 3633 420 3691 autem
436 3630 470 3689 in
484 3647 521 3690 eo
546 3627 725 3690 studiorum
743 3627 875 3706 angulo,
892 3625 1083 3687 Morhofium
1097 3626 1299 3703 potissimum
1314 3631 1385 3687 tan·

175 3738 231 3816 git,
246 3736 408 3798 dentalem
422 3752 537 3813 nempe
553 3751 668 3795 sonum
684 3734 718 3793 in
731 3733 912 3794 sibilantem
928 3733 1019 3807 verti,
1034 3733 1059 3792 si
1075 3733 1266 3794 vocabulum
1281 3734 1385 3811 ¹quod-

176 3846 249 3908 dam
271 3843 348 3903 hino
370 3841 455 3921 apud
478 3841 656 3913 inferiores,
682 3840 772 3900 illinc
790 3839 876 3918 apud
902 3839 1081 3916 superiores
1100 3840 1299 3918 germanicas
1318 3840 1386 3902 dia-

213 4143 249 4210 (1)
269 4146 339 4206 ent..
354 4147 477 4195 119-111.

216 4238 250 4306 (9)
268 4239 345 4301 lesit,
366 4241 396 4290 19
410 4242 436 4291 et
450 4241 490 4290 39.

213 4339 249 4402 (3)
266 4335 448 4399 ct.um.‚1v‚
465 4348 528 4401 pars
542 4337 566 4396 9,
581 4348 607 4400 p.
624 4336 737 4385 ret-roe
751 4346 811 4384 cum
827 4333 895 4393 etat,
913 4333 954 4394 19,
968 4333 1010 4394 93,
1028 4334 1076 4383 133
1091 4335 1118 4383 et
1132 4333 1238 4398 passim.

213 4431 248 4493 (1)
268 4432 337 4492 ilat..
352 4433 442 4482 39-51.

212 4525 248 4592 (5)
266 4525 343 4588 leid,
360 4527 417 4578 133.

215 4621 251 4684 (6)
266 4621 342 4682 ibid,
358 4623 415 4672 255.
