3446 5452
812 613 844 628 ψ
885 569 954 648 tor
987 615 1022 628 ·-

311 711 456 781 doctrina
481 723 633 802 congruat
660 724 688 782 et
704 737 721 783 o
737 718 931 784 doctissimis
947 719 1110 803 quondam
1126 719 1212 796 viris,
1230 721 1306 785 talia
1319 721 1528 798 mirantibus,

310 825 462 906 insignita
479 825 529 888 sit.

350 933 493 1012 Namque
517 937 588 995 tum
614 932 743 995 demum
767 935 887 996 exstitit
902 940 1023 1008 auctor,
1040 935 1293 998 humanissimus
1313 939 1420 998 tamen
1444 935 1530 998 inter

311 1056 433 1113 omues,
471 1041 538 1118 qui,
576 1040 784 1103 scholasticae
818 1043 975 1104 tritiorem
1009 1048 1195 1122 aspernatus
1230 1044 1315 1105 viam
1351 1047 1381 1106 et
1415 1043 1530 1105 solitas

311 1145 446 1208 docendi
468 1147 598 1224 lormas,
626 1153 796 1227 postquam
822 1150 925 1228 primo
952 1149 1141 1212 historicum
1168 1153 1383 1212 recentiorum
1408 1151 1532 1211 littera-

310 1269 380 1316 rum
409 1253 551 1314 studium
580 1255 664 1316 inter
690 1255 890 1316 academioas
914 1257 1100 1334 disciplinas
1123 1256 1311 1331 adsciverat,
1338 1257 1411 1319 inde
1439 1265 1534 1320 eruta

311 1359 505 1423 documenta
526 1360 669 1439 politiori
685 1363 903 1424 aestimationi
926 1364 1132 1438 immisceret,
1158 1369 1254 1443 atque
1277 1365 1440 1426 abstrusae
1457 1364 1533 1426 hao-

310 1471 403 1530 tenus
419 1467 655 1546 disceptationi,
677 1469 715 1530 ab
731 1469 908 1531 Aristotelis
923 1469 1090 1549 discipulis
1116 1474 1147 1532 et
1168 1472 1276 1533 latinis
1299 1472 1531 1550 interpretibus

310 1575 446 1638 traditae
469 1579 501 1636 et
525 1579 706 1638 reverenter
730 1577 763 1637 in
787 1576 937 1638 omnibus
961 1575 1127 1638 doctorum
1151 1578 1293 1640 virorum
1313 1579 1458 1641 consiliis
1474 1595 1533 1639 ao-

313 1686 435 1764 ceptae,
453 1699 562 1744 rerum
578 1682 817 1762 indagationem
840 1687 871 1744 et
893 1685 1108 1764 experientiae
1123 1691 1294 1766 praecepta
1310 1692 1438 1749 strenue
1453 1687 1533 1748 sub·

312 1791 468 1853 stitueret.

353 1897 396 1957 Eo
420 1897 520 1976 magis
543 1902 650 1959 autem
670 1898 812 1960 innotuit
835 1899 1012 1979 inceptum,
1038 1901 1125 1980 quod
1152 1920 1224 1965 vere
1247 1920 1332 1964 nova
1356 1903 1537 1982 perfecerat

314 2004 506 2080 Morhofius;
531 2006 699 2066 nonenim
725 2005 820 2067 modo
845 2008 1066 2069 recensionem
1090 2027 1108 2069 a
1128 2009 1221 2070 nullo
1241 2013 1396 2071 tentatam
1420 2027 1532 2072 susce-

315 2115 416 2191 perat,
441 2111 496 2173 sed
515 2113 610 2172 etiam
627 2112 705 2191 quid
721 2118 802 2174 esset
818 2114 998 2175 litterarum
1013 2115 1158 2188 historia,
1182 2120 1341 2194 quantum
1362 2117 1535 2195 prodesset

317 2218 516 2280 illustrandis
541 2220 783 2296 quaestionibus
816 2224 846 2281 et
876 2220 1014 2281 fovendo
1046 2222 1146 2300 ipsius
1171 2223 1371 2301 germanicae
1398 2223 1530 2302 linguae

317 2327 435 2400 studia,
463 2327 618 2406 peculiari
647 2330 677 2387 et
698 2328 786 2406 gravi
814 2328 887 2389 stilo
916 2326 1120 2401 disseruerat,
1148 2329 1294 2406 exemplo
1321 2332 1532 2407 praeceptum

317 2434 511 2495 confirmans
525 2434 634 2512 etjam
650 2433 801 2494 dilucidis
822 2431 926 2494 verbis
942 2435 1110 2514 colligens,
1127 2451 1221 2512 quem
1238 2433 1278 2494 ad
1294 2435 1390 2497 finem
1412 2439 1442 2496 et
1464 2432 1531 2513 qud

318 2541 369 2601 via
383 2540 527 2602 tenderet
550 2539 630 2600 haec
654 2557 808 2602 enascens
833 2540 989 2616 doctrina,
1014 2559 1095 2619 quae
1125 2545 1251 2602 tantum
1274 2559 1349 2602 mox
1371 2542 1474 2603 valuit
1498 2544 1537 2604 in

315 2667 399 2710 nova
423 2666 550 2728 quaque
579 2665 686 2710 reram
717 2648 972 2728 investigatione,
998 2649 1031 2709 in
1051 2648 1170 2709 artium
1191 2649 1335 2722 scientia,
1355 2648 1477 2710 scilicet
1500 2649 1536 2709 in

319 2780 333 2813 a
355 2756 529 2818 aesthetioa
546 2778 572 2816 ».

358 2863 460 2924 Minus
476 2861 607 2941 quidem
625 2879 710 2923 nova
732 2865 958 2942 grammaticae
980 2867 1011 2925 et
1033 2863 1175 2942 poetices
1200 2862 1306 2923 studio
1331 2862 1535 2924 incumbenti

318 2971 456 3048 reperire
471 2969 624 3043 dabatur;
650 2987 732 3048 quae
748 2973 855 3031 tamen
874 2970 1054 3031 difficiliora
1074 2970 1207 3031 tortasse
1232 2986 1270 3029 eo
1287 2969 1407 3048 majore
1429 2968 1537 3048 gratia

318 3093 518 3155 consequens
535 3075 621 3137 haud
639 3076 744 3137 minus
760 3080 961 3154 opportunus
977 3079 1032 3138 aut
1047 3076 1175 3137 subtilis
1190 3093 1258 3136 esse
1275 3074 1454 3139 videbatur.

359 3185 502 3261 Namque
517 3182 543 3242 is
557 3186 623 3242 erat
637 3182 825 3261 opinionum
842 3187 943 3244 status
959 3201 995 3244 eo
1012 3190 1166 3260 tempore,
1182 3199 1246 3259 quo
1262 3182 1295 3243 in
1310 3181 1426 3260 vulgus
1441 3180 1538 3242 Insti-

322 3288 402 3350 tutio
419 3289 582 3361 edebatur,
599 3294 635 3348 ut
649 3289 851 3364 Morholium,
875 3307 933 3369 pro
957 3289 1065 3367 quieta
1089 3289 1158 3367 ejus
1183 3286 1398 3367 prudentique
1414 3286 1536 3360 indole,

324 3414 462 3458 necnon
481 3399 604 3456 maturo
620 3401 650 3456 et
673 3396 832 3475 aequabili
853 3397 995 3476 ingenio,
1012 3396 1148 3469 deceret,
1175 3395 1208 3455 in
1233 3395 1383 3456 omnibus
1398 3395 1540 3474 penden-

323 3506 409 3566 tibus
425 3504 650 3565 controversiis
666 3503 875 3564 moderatoris
888 3503 1060 3582 praecipue
1075 3507 1180 3580 partes
1196 3501 1367 3580 suscipere.

365 3612 531 3675 Cesserant
545 3611 688 3688 prolecto
711 3610 766 3670 illa
784 3614 885 3670 aetate
901 3609 1105 3670 vehementes
1132 3613 1163 3669 et
1186 3607 1352 3668 immodici
1378 3611 1538 3680 auctores,

327 3717 382 3796 qui
398 3719 510 3795 sponte
523 3715 687 3793 quondam
702 3715 847 3794 linguam
858 3714 1044 3793 poesimque
1059 3715 1205 3775 inlotam
1220 3713 1453 3775 restituendam
1468 3731 1541 3774 sus-

328 3828 488 3904 ceperant,
503 3840 702 3901 quamquam
728 3821 916 3882 tumeliam
937 3821 1066 3882 Caesius
1093 3824 1124 3880 et
1145 3819 1388 3880 Lohensteinius
1410 3836 1542 3880 summa

328 3932 471 3993 valerent
485 3930 596 4010 gratia,
611 3947 714 4008 usque
728 3928 769 3990 ad
788 3929 920 3988 ultimos
936 3928 1024 3989 illius
1047 3927 1166 3989 saeculi
1193 3945 1295 3988 annos
1319 3927 1541 3989 doctrinarum

327 4053 456 4099 suarum
483 4036 637 4096 memoria
661 4035 816 4095 duraturi.
844 4033 904 4095 Sed
927 4051 1001 4095 curn
1027 4052 1074 4107 aa,
1100 4050 1181 4111 quae
1201 4034 1297 4094 stulte
1313 4037 1344 4094 et
1364 4033 1543 4096 insolenter

330 4147 498 4218 tinxerant,
516 4143 651 4204 sanioris
674 4142 830 4220 cujusque
859 4141 917 4201 viri
947 4141 1093 4202 animum
1119 4140 1356 4213 alienavissent,
1383 4140 1452 4202 lieri
1471 4157 1541 4201 non

327 4254 452 4331 poterat
467 4250 545 4328 quin
561 4249 621 4327 ipsi
638 4265 766 4327 quoque
780 4247 838 4308 viri
862 4249 959 4308 tinem
975 4252 1006 4308 et
1026 4246 1159 4308 modum
1175 4245 1356 4319 transirent,
1380 4245 1436 4324 qui
1462 4246 1542 4308 talia

328 4357 452 4420 somnia
465 4357 654 4435 impugnare
671 4353 895 4416 decrevissent.

371 4463 495 4524 Primus
510 4460 758 4522 commutandae
773 4461 948 4522 sententiae
964 4464 1075 4521 auctor
1087 4458 1269 4538 Schuppius
1282 4463 1324 4535 et,
1341 4458 1439 4537 paulo
1454 4460 1539 4536 post,

332 4569 525 4634 moderatior
538 4567 679 4648 quidem,
701 4567 755 4630 scd
774 4585 840 4628 non
855 4566 982 4648 segnior
1001 4565 1141 4628 Weisius
1163 4565 1277 4638 luerat,
1302 4569 1396 4642 atque
1419 4563 1540 4625 recenti
