3446 5452
853 599 1067 672 -172-

354 743 487 805 delectis
521 746 601 807 locis
628 747 860 808 sententiarum
892 748 1117 809 translationes
1151 754 1181 810 et
1210 750 1370 809 inversam
1398 750 1575 810 verborum

351 857 543 913 structuram
570 871 726 931 usurpare
752 854 836 913 licet.
866 854 924 914 llic
956 856 1136 915 constitisse
1166 855 1356 915 Morhofium
1383 855 1478 916 valde
1512 855 1573 915 fuit

352 957 527 1035 optandum
542 977 613 1033 uec,
631 963 804 1038 postquam
823 960 925 1019 multa
938 964 973 1021 ut
992 960 1164 1034 subtiliter,
1182 961 1226 1020 ita
1248 964 1464 1038 congruenter
1486 961 1573 1022 ordi-

350 1069 482 1125 naverat
504 1064 541 1124 de
568 1083 606 1124 ea
633 1066 675 1138 vi,
692 1083 791 1142 quam
817 1066 952 1126 Boleeus
979 1069 1090 1127 noster
1104 1089 1118 1121 «
1134 1066 1238 1126 verbis
1263 1070 1347 1127 recte
1370 1067 1539 1127 collocatis
1556 1089 1570 1120 a

350 1173 472 1245 tribuit,
497 1174 603 1235 subito
626 1174 665 1233 ab
689 1177 816 1232 assueta
838 1173 1009 1250 sagacitate
1024 1171 1230 1233 aberravisse.
1245 1172 1284 1233 lt
1299 1173 1390 1251 quasi
1407 1173 1525 1232 sensim
1542 1177 1574 1233 et

355 1280 485 1339 incaute
509 1279 548 1339 ad
575 1278 607 1339 id
631 1280 746 1339 vitium
766 1278 936 1351 delabitur,
964 1278 1050 1356 quod
1073 1280 1222 1339 nonnulli
1245 1280 1329 1339 inter
1351 1279 1571 1340 Lobensteinii

363 1384 539 1463 discipulos
557 1385 623 1462 jam
651 1385 799 1444 fovebant
829 1389 858 1445 et
887 1403 965 1445 aevo
993 1386 1173 1462 insequenti
1195 1386 1281 1446 mala
1302 1384 1479 1446 hereditate
1499 1387 1572 1446 reli-

360 1496 516 1570 querunt3
535 1509 573 1552 eo
600 1509 715 1569 nempe
739 1491 835 1563 cadit,
858 1495 905 1561 ut,
930 1493 977 1551 sui
1001 1492 1135 1551 minime
1157 1509 1290 1565 memor,
1312 1492 1570 1552 fastidiosissimo

359 1599 519 1670 omnium,
545 1599 761 1682 insulsissima
783 1603 815 1658 ct
836 1599 949 1658 merito
965 1602 1037 1657 ante
1052 1599 1161 1657 omnia
1184 1602 1288 1675 spreto
1313 1598 1440 1658 dicendi
1464 1601 1569 1678 generi

358 1704 534 1782 indulgeat,
549 1703 635 1781 quod
653 1728 667 1758 α
682 1722 808 1781 prosam
829 1704 989 1781 poeticam
1004 1727 1018 1757 υ
1037 1705 1200 1781 appellant
1213 1706 1269 1779 (l).

392 1812 428 1870 ln
444 1828 571 1871 summa
587 1810 744 1889 quidquid
759 1815 852 1870 antea
867 1809 1048 1870 dictumest
1063 1810 1278 1870 consideranti
1291 1815 1433 1889 apparet,
1447 1811 1570 1872 Morbo-

355 1920 435 1979 fium
457 1916 588 1995 quidem
615 1917 759 1977 funditus
782 1918 983 1978 renovavisse
1007 1918 1050 1977 rei
1066 1917 1208 1995 poeticae
1230 1918 1400 1992 rationem,
1414 1922 1569 1978 eoautem

359 2024 568 2085 conservandi
583 2040 691 2084 amore
703 2029 804 2084 artem
814 2042 906 2084 suani
917 2028 949 2083 et
960 2023 1139 2083 doctrinam
1152 2025 1348 2096 tractavisse,
1361 2030 1407 2097 ut,
1425 2024 1570 2102 quamvis

359 2131 603 2209 amplificandae
628 2135 658 2190 et
685 2130 850 2209 augendae
875 2131 1004 2210 linguae
1029 2130 1135 2190 studio
1157 2131 1316 2208 impulsus
1341 2135 1434 2204 essct,
1460 2132 1572 2191 cautis-

359 2238 461 2298 simus
476 2239 584 2296 tamen
600 2237 720 2313 ubique
741 2237 837 2296 fuerit
852 2237 885 2294 in
899 2235 1050 2296 tentanda
1064 2236 1206 2312 qualibet
1221 2236 1372 2296 novitate.

396 2341 559 2419 Quidquid
575 2343 663 2402 enim
676 2343 726 2401 vel
742 2339 895 2402 traditum
912 2347 1005 2414 esset,
1023 2342 1073 2400 vel
1089 2346 1280 2418 superesset,
1298 2358 1434 2413 servare,
1461 2341 1488 2400 si
1506 2342 1571 2401 ullo

358 2448 456 2509 modo
472 2449 540 2508 fieri
557 2453 674 2526 posset,
698 2465 836 2520 necnon,
858 2447 931 2507 data
956 2449 1135 2520 occasione,
1161 2447 1389 2526 redintegrare,
1415 2449 1571 2526 corrigere

361 2560 392 2617 et
407 2556 440 2616 in
452 2556 568 2617 melius
582 2562 714 2627 vertere,
733 2554 877 2615 adbibita
897 2555 1067 2632 prudentia
1091 2560 1121 2614 et
1136 2554 1282 2614 ordinata
1297 2555 1489 2626 constantia,
1513 2554 1572 2614 hoc

362 2662 424 2722 luit
449 2663 477 2723 ei
498 2679 624 2740 semper
638 2662 827 2740 disciplinae
842 2663 1038 2739 principium
1061 2666 1091 2722 et
1112 2663 1266 2739 regimen.
1289 2663 1387 2722 Tanta
1412 2663 1498 2722 enim
1521 2681 1572 2741 ge·

361 2769 457 2829 nialis
472 2770 600 2830 ubertas
616 2769 730 2828 merito
747 2767 915 2828 videbatur
928 2768 955 2828 ei
981 2769 1110 2848 linguae
1132 2770 1345 2848 germanicae,
1369 2773 1405 2828 ut
1426 2788 1444 2828 a
1463 2774 1574 2829 semet-

360 2875 430 2954 ipsa
445 2875 487 2934 ali
501 2879 608 2952 posset
622 2879 652 2934 et
667 2875 819 2935 facillime
833 2875 962 2935 illorum
980 2874 1123 2936 subsidio
1146 2880 1277 2948 careret,
1296 2876 1351 2952 qui
1377 2875 1416 2935 ad
1436 2892 1508 2934 eam
1524 2875 1572 2936 vel

357 2982 526 3042 temerarie
543 2981 753 3041 mutilandam
770 2986 801 3041 et
823 2982 1064 3059 amputandam,
1084 2983 1134 3042 vel
1158 2982 1341 3042 inconsulto
1359 2981 1524 3043 ditandam
1544 2986 1573 3042 ct

356 3087 538 3166 augendam
565 3091 632 3148 tota
660 3092 768 3147 mente
795 3089 1029 3149 incumberent.
1059 3090 1212 3168 Denique,
1241 3090 1266 3149 si
1295 3089 1424 3150 assiduo
1446 3095 1572 3151 tantum

353 3196 444 3256 cultu
459 3199 661 3255 exerceretur
677 3199 708 3254 et
722 3195 949 3270 inflecteretur,
965 3201 1059 3274 atque
1076 3196 1115 3256 ad
1131 3197 1328 3274 optimorum
1342 3197 1573 3276 exemplarium

354 3304 496 3383 speciem
511 3303 665 3381 paulatim
684 3304 909 3381 corrigeretur,
927 3305 1009 3363 nulli
1030 3321 1101 3364 eam
1124 3309 1303 3364 ceterarum
1325 3305 1484 3382 imparem
1499 3322 1574 3365 mox

355 3428 525 3472 evasuram
539 3428 607 3470 esse
622 3410 785 3483 censebat,
803 3413 834 3470 et
848 3415 971 3470 servata
986 3416 1143 3488 arieteque
1157 3428 1173 3470 e
1189 3411 1318 3488 proprio
1337 3411 1425 3471 fonte
1448 3411 1572 3490 integra

357 3519 503 3598 poeticae
525 3517 674 3578 dictionis
702 3517 923 3595 suppellectile
952 3519 1005 3593 (l),
1036 3515 1075 3576 ad
1101 3515 1134 3576 id
1160 3517 1292 3594 insuper
1323 3517 1474 3577 idoneam
1504 3517 1570 3578 fieri

357 3643 464 3704 posse,
487 3629 523 3685 ut
547 3629 577 3684 et
597 3624 807 3703 cogitationes
833 3641 1051 3701 quascumque
1078 3629 1248 3701 motusque
1272 3643 1309 3685 ac
1333 3643 1457 3696 sensus,
1484 3625 1571 3685 baud

359 3749 451 3794 secus
465 3736 560 3810 atque
576 3731 669 3802 aliae,
685 3735 895 3808 expromeret,
911 3735 942 3790 et
965 3731 1048 3790 elata
1063 3731 1207 3790 oratione
1223 3731 1380 3808 quidquid
1404 3731 1442 3791 de
1465 3731 1573 3809 philo-

365 3839 489 3918 sophia,
516 3838 671 3910 doctrina,
698 3837 849 3896 humanis
875 3835 988 3896 studiis
1011 3841 1041 3896 et
1067 3837 1206 3914 publicis
1226 3837 1321 3896 rebus
1345 3841 1574 3915 pertractarent

362 3946 448 4007 docti
461 3946 532 4020 viri,
549 3943 681 4005 reddere
696 3944 825 4005 valeret.

397 4055 435 4114 Et
455 4071 530 4114 eum
553 4070 618 4112 non
643 4068 724 4111 vana
745 4068 798 4128 spe
822 4055 952 4129 captum
972 4050 1072 4110 fuisse
1093 4049 1291 4110 demonstrat
1309 4052 1414 4128 ipsum
1434 4054 1574 4113 auctoris

362 4157 594 4219 institutionem
607 4157 774 4218 scribentis
794 4157 920 4217 dicendi
941 4174 1061 4234 genus;
1082 4156 1168 4233 quod
1194 4174 1285 4234 opuS,
1309 4174 1384 4217 cum
1408 4158 1573 4220 Schottelii

394 4513 430 4583 (r)
448 4517 520 4578 una,
533 4518 653 4568 arr-sis.

392 4611 429 4673 c)
446 4611 522 4675 rora,
538 4614 597 4663 avo.
