3446 5452
628 659 837 729 -161-

162 811 203 868 At
229 809 371 869 maximo
399 807 616 892 etqnnenimo
654 806 828 886 efflagitatu
857 812 1035 884 exposcunt
1068 807 1176 866 cuncti
1206 806 1343 866 Lexicon

122 915 394 994 Etymologicum,
412 912 450 972 de
467 913 529 972 hoc
542 913 769 975 tantummodo
786 913 1021 986 dissentientes,
1040 913 1159 989 quibus
1176 913 1343 972 clementis

122 1023 163 1082 sit
187 1019 450 1082 constituendum
477 1025 507 1080 et
535 1038 599 1097 quo
622 1020 734 1080 ordine
756 1020 969 1098 digerendum
990 1020 1088 1098 hujus
1108 1020 1235 1098 generis
1250 1037 1342 1096 opus.

121 1129 254 1191 tamdiu
269 1147 333 1205 qua
351 1127 475 1188 ratione
493 1145 542 1188 res
564 1127 624 1186 sibi
645 1127 844 1188 instituenda
859 1127 1022 1188 videretur
1037 1128 1231 1188 Schottelius
1252 1142 1346 1203 expo·

123 1240 251 1308 suerat;
269 1235 335 1306 sed,
352 1234 506 1294 dialectos
525 1235 715 1312 generatim,
732 1235 904 1313 praecipue
921 1238 1029 1294 autem
1045 1234 1234 1294 vernaculos
1251 1248 1345 1309 snpe-

122 1343 218 1402 rioris
235 1340 424 1402 Germaniae
445 1358 621 1413 sermoneS,
637 1341 721 1401 ultra
739 1340 875 1401 modum
890 1345 1089 1418 aspernatae,
1112 1341 1204 1400 nulla
1226 1340 1259 1399 in
1283 1340 1346 1400 hoc

123 1466 208 1526 opus
237 1449 300 1507 nisi
324 1447 484 1525 politioris
505 1447 635 1525 linguae
660 1447 756 1507 verba
781 1447 850 1508 vult
873 1447 1012 1520 admitti,
1035 1448 1174 1525 exceptis
1200 1447 1344 1525 prolecto

124 1553 324 1632 quibusdam
346 1554 385 1612 ab
416 1553 566 1614 inferiore
592 1554 743 1613 saxonica
772 1552 908 1614 dialecto
933 1553 1049 1625 duotiS,
1067 1569 1148 1630 quae
1171 1552 1211 1625 ei,
1234 1554 1345 1630 utpote

124 1660 230 1738 patria
245 1665 277 1720 et
291 1661 443 1738 genuina,
461 1659 634 1737 placebant
648 1659 702 1738 (1).

166 1766 345 1826 Leibnitius
373 1765 485 1826 eadem
511 1765 626 1843 probat
650 1766 797 1839 consilia,
827 1767 995 1826 materiam
1023 1769 1150 1826 tantum
1176 1766 1260 1826 inter
1286 1766 1346 1825 tria

125 1876 231 1936 lexico
253 1875 425 1952 separatim
444 1873 697 1933 distribuendam
717 1873 885 1951 opinatus;
910 1873 965 1932 sed
981 1873 1240 1951 Etymologicum
1256 1872 1346 1932 Lexi-

126 2001 188 2042 con
203 1982 317 2041 ceteris
333 1981 400 2058 ipse
417 1997 546 2057 quoque
560 1979 699 2057 praefert
709 1980 765 2059 (9).

164 2085 1347 2164 UnicumcontraLexiconHarsdoertlerusMorhofiusqueconcinnandum

126 2195 325 2265 existimant,
354 2193 408 2252 sed
436 2191 577 2252 solidum
604 2198 634 2252 et
659 2194 909 2272 quoquomodo
941 2195 1152 2271 completum,
1180 2193 1345 2253 Henischii

131 2299 289 2360 Thesauro
317 2298 435 2370 simile,
466 2297 521 2358 sed
551 2298 589 2357 ad
612 2300 757 2359 omnium
786 2303 929 2361 veterum
955 2300 1222 2360 documentorum
1250 2299 1346 2360 fidem

130 2410 305 2478 exactum3
328 2405 372 2464 ita
397 2408 506 2464 autem
526 2406 750 2479 constitutum,
776 2411 812 2467 ut
835 2411 951 2467 cuncta
967 2408 1097 2485 linguae
1113 2406 1347 2484 complectatur

129 2514 240 2584 verba,
258 2512 390 2588 antiqua
405 2511 523 2588 pariter
542 2515 673 2572 etnunc
686 2513 815 2586 usitata,
832 2513 1005 2573 vernacula
1020 2513 1117 2573 simul
1134 2516 1164 2572 et
1178 2530 1259 2590 quae
1278 2513 1346 2572 sola

128 2619 265 2699 politior
277 2619 388 2696 lingua
403 2622 536 2695 usurpet
550 2620 605 2697 (3).

171 2726 287 2786 Paucis
311 2742 438 2802 nempe,
466 2728 619 2803 utsupra
642 2725 841 2799 dictumest,
865 2727 1047 2805 linguarum
1069 2727 1276 2805 cognationes
1293 2731 1348 2786 aut

128 2831 342 2912 etymologias
365 2831 592 2903 scrutantibus,
609 2836 674 2891 tarn
690 2834 774 2893 clare
796 2850 893 2911 quarn
916 2833 1070 2895 Morhofio
1090 2835 1252 2913 percipere
1272 2852 1350 2894 con·

129 2941 214 3020 tigit,
231 2937 343 3016 quanti
358 2941 464 2997 essent
483 2938 523 2997 ad
550 2939 789 3001 informandam
811 2940 958 3018 linguam
979 2941 1135 3000 momenti
1156 2942 1347 3000 vernaculae

130 3045 274 3115 dialecti,
292 3061 328 3103 ac
354 3044 452 3103 simul
471 3061 552 3120 quae
575 3049 659 3104 esset
680 3044 866 3106 earumdem
887 3051 917 3105 et
938 3046 1097 3125 politioris
1121 3047 1249 3124 linguae
1270 3046 1350 3106 reci-

129 3170 229 3231 proca
250 3150 411 3223 conditio;
442 3154 483 3222 et,
511 3168 586 3210 cnm
610 3169 677 3211 non
700 3152 763 3211 nisi
786 3153 905 3231 injuste
928 3171 965 3212 ea
988 3153 1113 3230 possint
1137 3154 1245 3226 taceri,
1268 3171 1350 3230 quae

130 3259 380 3322 Harsdoerllerus
405 3262 435 3318 et
456 3259 638 3335 Schuppius
662 3258 782 3319 dehac
806 3260 994 3336 quaestione
1018 3264 1102 3320 recte
1124 3264 1155 3320 et
1177 3260 1351 3337 prudenter

129 3365 438 3437 animadverterunt,
461 3365 633 3425 Morhofius
661 3371 769 3426 tamen
788 3384 873 3426 unus
898 3370 945 3426 est
968 3367 1147 3440 habendus,
1170 3368 1225 3444 qui
1246 3385 1350 3443 aequo

129 3474 228 3536 simul
245 3478 276 3532 et
289 3472 398 3532 subtili
412 3471 541 3550 ingenio
554 3473 780 3549 temperaverit
799 3473 875 3532 hinc
898 3473 1072 3533 severiores
1095 3473 1209 3533 horum
1227 3490 1347 3532 senno-

128 3598 222 3652 num,
239 3582 350 3655 utpote
370 3581 593 3654 corruptorum
608 3582 639 3637 et
659 3579 747 3638 omni
767 3579 856 3638 cultu
875 3597 1016 3655 curaque
1038 3579 1257 3656 indignorum,
1274 3595 1351 3638 con-

129 3689 307 3764 temptores
322 3688 353 3743 et
364 3683 605 3761 proscriptores,
619 3683 708 3744 illinc
722 3683 911 3745 immodicos
928 3684 1113 3744 eorumdem
1128 3686 1278 3755 lautores,
1294 3685 1349 3762 qui

131 3814 186 3856 eos
200 3791 343 3871 politiori
358 3791 488 3868 linguae
504 3795 703 3868 opponerent
716 3795 748 3850 et
767 3809 880 3852 eorum
893 3777 1000 3864 usum,
1016 3796 1183 3868 tamquam
1198 3792 1265 3868 pari
1278 3792 1351 3869 jure

131 3896 387 3970 concedendurn,
414 3898 688 3958 commendarent.
712 3899 801 3959 Unus
823 3898 921 3975 igitur
940 3897 1071 3970 exstitit,
1100 3897 1153 3974 qui
1177 3914 1251 3956 vera
1273 3913 1348 3956 vero

135 4076 442 4087 -—-·--—-·—

166 4194 204 4260 (1)
224 4193 299 4258 Auss.
316 4192 378 4244 nrt.
398 4195 456 4244 158.

167 4293 204 4356 (2)
224 4289 287 4339 Uno.
302 4289 375 4349 θεά,
392 4289 462 4351 541,
478 4290 519 4348 47,
534 4289 576 4348 49,
588 4290 636 4350 783
655 4287 726 4346 Dut..
743 4289 785 4349 Vl,
800 4300 862 4352 pars
880 4291 903 4348 1,
918 4301 944 4352 p.
963 4290 1021 4338 196.

166 4381 205 4451 (3)
224 4383 293 4442 Uet,
308 4386 355 4433 493
367 4396 438 4448 sqq„
455 4383 597 4447 praecipue
610 4383 735 4433 498-499.
751 4408 779 4418 -
796 4381 972 4433 Meditabatur
989 4381 1132 4432 Morltofius
1152 4383 1350 4446 Etymotoqicon

131 4478 355 4545 praeco-lutiam
370 4481 394 4526 et
411 4477 598 4542 germanicum,
614 4480 643 4528 ut
654 4477 710 4540 ipse
724 4479 813 4527 monet
827 4478 852 4526 in
865 4477 935 4538 llnt,
956 4479 1002 4526 119
1019 4479 1044 4526 ct
1056 4474 1135 4540 hujus
1155 4476 1254 4528 laboris
1270 4479 1356 4541 speci-

132 4585 195 4624 men
216 4570 350 4636 quoddam
376 4569 448 4622 dedit-
474 4572 498 4620 in
528 4569 619 4622 codem
647 4570 721 4630 libro,
746 4584 771 4634 p.
796 4573 843 4620 199
867 4570 1065 4636 sqq.,dumde
1086 4575 1205 4636 corporis
1234 4571 1355 4636 pertibus

134 4667 252 4718 disserit.

1118 4750 1157 4820 11
