3462 5452
755 589 945 686 *ll-

732 874 882 950 CAPUT
926 877 970 949 ll.

243 1121 288 1166 DE
316 1120 491 1168 MORHOFIO
514 1120 731 1170 GERMANICAE
752 1121 897 1168 LINGUAE
915 1122 1046 1170 CONTRA
1068 1124 1229 1172 GRAECAM
1251 1125 1291 1170 ET
1310 1125 1459 1173 LATlNdM

293 1253 508 1315 nnrnusouu;
545 1256 587 1300 DE
617 1255 769 1302 Asrnrrcn
800 1255 1000 1304 LINGUARUM
1030 1256 1286 1305 EUROPAEARUM
1310 1259 1456 1322 ornatur,

293 1387 355 1434 neo
386 1387 451 1437 nou
475 1388 518 1439 oc
541 1366 702 1442 §niumm
730 1389 852 1439 uinum
881 1390 920 1436 ar
943 1389 1086 1436 cunnus
1119 1391 1345 1444 snauomous.

720 1599 979 1617 m

289 1855 374 1915 lnter
387 1857 574 1936 praecipuas
589 1855 862 1919 dissimilitudinis
872 1856 1100 1936 notasquihus
1112 1855 1283 1917 manifesto
1298 1857 1458 1935 appareat,

249 1969 407 2039 qrrantum
425 1963 507 2023 inter
522 1981 553 2023 se
570 1964 683 2025 distent
703 1965 865 2026 scrrrit'cuo
883 1971 911 2024 et
927 1983 1104 2042 europaeae
1121 1965 1260 2044 linguae,
1275 1963 1458 2030 Morlrotius,

252 2075 397 2148 utsupra
418 2071 539 2132 dicium
554 2077 610 2142 e:t,
628 2073 709 2132 hanc
725 2074 838 2133 merito
858 2075 958 2150 ponit,
976 2073 1061 2150 <prod
1083 2074 1266 2150 linguarum
1286 2090 1460 2148 europaeo-

245 2195 316 2236 rum
331 2179 492 2238 radicibus
509 2181 645 2256 germina
663 2187 704 2239 ost
725 2180 948 2258 rnnmisrllalta
965 2181 1077 2246 torma,
1090 2187 1115 2238 et
1136 2175 1357 2239 animaduertit
1377 2180 1461 2237 insu-

246 2303 311 2362 per,
329 2303 394 2343 non
409 2287 476 2345 sine
488 2287 597 2363 aliquo
611 2289 693 2365 jure,
713 2289 801 2346 illam
817 2288 962 2346 radicum
978 2287 1120 2347 indolem
1138 2307 1194 2364 pro
1211 2287 1365 2364 peculiari
1383 2305 1460 2362 quo

252 2390 325 2450 darn
340 2393 540 2468 antiquitatis.
557 2394 646 2472 signo
662 2393 799 2453 ltnltenda
811 2412 843 2453 m
860 2413 946 2464 osse3
970 2395 1055 2471 quod
1079 2393 1209 2472 quidem
1233 2399 1460 2470 argumentum

250 2501 369 2572 statim,
391 2507 424 2560 ul
448 2518 496 2560 res
515 2502 645 2574 territat,
671 2502 709 2561 ad
724 2503 941 2579 germanicam
960 2503 1105 2580 linguam
1124 2501 1356 2561 accommodat.
1376 2502 1461 2559 Post-

249 2624 346 2682 quam
368 2607 455 2666 enim
471 2609 737 2667 commemoravit
753 2609 804 2668 vix
823 2609 912 2668 alteri
936 2610 1075 2667 sermoni
1099 2613 1145 2668 tot
1169 2609 1271 2668 inesse
1294 2608 1460 2685 monosyl-

247 2713 319 2772 laha
332 2715 500 2786 vocabula,
518 2715 578 2774 hoo
593 2716 799 2792 potissimum
816 2715 991 2786 contendit,
1009 2716 1135 2775 nullam
1152 2716 1216 2775 lere
1242 2715 1379 2774 inveniri
1398 2715 1460 2772 lin-

245 2837 353 2898 guam,
377 2821 410 2879 in
434 2840 497 2898 qua
522 2839 582 2880 ron
607 2823 779 2898 quaelibet,
795 2823 820 2880 si
848 2821 944 2882 modo
966 2839 1037 2880 eam
1064 2821 1289 2881 terminatione
1320 2820 1458 2891 exueriS,

246 2944 360 3003 puram
377 2945 414 2987 ao
434 2928 631 3003 primitivam
654 2928 796 2988 radicem
809 2933 875 2987 lam
897 2929 990 2988 laeile
1004 2946 1041 2988 ac
1059 2928 1164 2988 lucide
1180 2929 1329 3005 praelicat
1343 2929 1403 3000 (l);
1421 2925 1459 2986 de

248 3051 310 3110 qua
329 3034 584 3110 opinionequae
600 3035 632 3094 in
645 3034 844 3093 Institutione
857 3053 922 3094 non
938 3035 1036 3094 semel
1051 3035 1200 3105 occurrit,
1211 3033 1462 3093 accuratiusdis-

247 3138 419 3200 serendum
436 3141 505 3212 erit,
530 3158 605 3200 cum
630 3140 668 3202 de
690 3142 760 3219 ejus
785 3141 899 3201 studiis
916 3140 953 3199 ad
973 3140 1203 3220 etymologiam
1225 3140 1459 3218 pertinentibus

246 3251 368 3324 agetur.

287 3353 390 3412 Etiam
406 3355 563 3413 Leihnitio
580 3373 655 3414 sane
671 3355 757 3413 venit
778 3355 810 3413 in
833 3360 985 3426 mentem,
1003 3355 1167 3432 propriam
1192 3361 1221 3414 et
1244 3356 1282 3415 ab
1308 3355 1378 3414 aliis
1395 3374 1460 3414 om-

247 3459 325 3518 nino
345 3458 503 3518 diversam
523 3461 664 3536 speciem
680 3461 840 3520 semiticas
859 3459 980 3520 radices
996 3461 1157 3537 praebere„
1172 3479 1370 3539 quamquam
1385 3480 1460 3520 eum

249 3584 326 3625 suus
342 3565 381 3624 ad
397 3567 633 3643 analogismum
648 3567 769 3644 ultique
785 3566 1003 3627 adhibendum
1017 3567 1114 3626 nimis
1130 3586 1250 3644 pronus
1273 3569 1401 3628 animus
1422 3586 1459 3628 eo

250 3672 411 3732 interdum
425 3651 566 3744 adducit,
584 3678 619 3731 ut
635 3672 931 3732 dissimilitudinem
952 3674 1045 3732 istam
1069 3674 1101 3732 in
1121 3674 1319 3751 inquirendis
1336 3678 1460 3752 etymo-

247 3779 344 3856 logiis
359 3780 467 3838 minus
482 3779 640 3856 respiciat.
657 3779 711 3838 His
727 3780 813 3839 enim
829 3780 944 3852 verbis
966 3785 1002 3839 ut
1023 3781 1208 3856 exemplum
1222 3781 1364 3854 alteram,
1382 3781 1458 3859 quid

249 3886 286 3946 de
297 3904 329 3946 re
347 3887 463 3946 sentiat
478 3885 509 3945 in
524 3887 658 3964 epistola
672 3886 710 3945 ad
726 3887 910 3946 Tenzelium
923 3887 1022 3945 missa
1033 3887 1181 3962 exponit:
1198 3910 1212 3941 «
1230 3887 1362 3964 Semper
1375 3887 1461 3965 judi-

248 3993 315 4052 cari
346 3991 385 4052 ad
403 3992 583 4051 Hebraeum
606 3996 690 4052 recte
722 3992 919 4052 noscendam
957 3993 1137 4052 necessario
1167 3991 1364 4054 adhibendas
1392 4013 1459 4056 esse

247 4099 410 4177 Syriacam
430 4102 460 4158 et
473 4099 652 4169 Arabicam,
670 4098 724 4159 sed
742 4117 780 4158 ex
796 4100 946 4158 omnibus
964 4103 1071 4158 tamen
1096 4101 1277 4177 conjunctis
1300 4119 1365 4160 non
1380 4106 1459 4178 puto

247 4206 369 4266 radices
384 4207 587 4284 exsculptum
602 4206 641 4265 iri
655 4206 861 4266 cohaerentes
879 4205 961 4266 inter
976 4223 1019 4277 se,
1037 4210 1067 4266 et
1089 4207 1246 4265 rationem
1262 4207 1459 4284 significatus

249 4312 465 4385 ostendentes
483 4311 569 4390 quod
585 4313 714 4390 linguae
730 4313 911 4390 primitivae
924 4311 1074 4372 oriterion
1088 4312 1196 4372 haberi
1214 4311 1307 4372 debet
1322 4337 1336 4367 n
1352 4315 1364 4389 (
1387 4313 1407 4392 ).

280 4561 316 4626 (l)
339 4563 408 4622 Una,
426 4565 467 4612 81.

283 4655 318 4723 (2)
337 4658 408 4717 Dat,
423 4657 465 4716 Vt,
480 4671 541 4722 pars
554 4661 577 4715 2,
594 4672 619 4722 p.
635 4661 692 4708 232.
