3462 5452
791 601 959 649 ...XI-..-

270 750 314 821 ad
350 749 465 821 solum
497 747 729 818 Schottelium
761 747 889 818 referre
921 753 1076 817 conetur.
1115 745 1159 817 At
1186 771 1256 816 non
1295 753 1368 817 erat
1408 752 1480 817 tam

271 891 421 978 angusto
444 889 477 953 et
502 880 629 975 exiguo
646 879 788 975 ingenio
815 853 1023 969 Leibnitius,
1052 887 1090 950 ut
1120 904 1197 951 sese
1225 879 1269 950 ad
1297 886 1483 976 praecepta

272 1017 389 1093 unius,
421 1038 562 1086 summa
590 1014 737 1110 quidem
762 1013 845 1085 olim
883 1013 1087 1085 auctoritate
1120 1013 1287 1108 vigentiS,
1321 1014 1383 1086 sed
1423 1013 1482 1084 illo

267 1153 341 1248 jam
360 1157 517 1246 tempore
527 1148 701 1220 tantulum
720 1148 867 1220 obsoleti
885 1147 1045 1242 magistri
1060 1146 1231 1241 alligaret.
1250 1146 1482 1219 Schottelium

271 1292 362 1357 certe
382 1283 557 1371 adhibuit,
588 1282 650 1354 sed
681 1282 784 1378 plane
811 1282 935 1353 eadem
963 1281 1112 1370 ratione,
1135 1306 1206 1378 qua
1227 1287 1360 1353 ceteros
1388 1284 1483 1378 ejus-

272 1419 351 1490 dem
378 1425 411 1490 et
440 1416 659 1513 insequentis
690 1416 833 1503 aetatis;
864 1416 907 1487 ab
937 1415 1101 1487 omnibus
1133 1414 1226 1486 enim
1253 1415 1395 1509 pariter,
1428 1412 1483 1485 vel

271 1550 480 1646 plerumque
508 1549 568 1619 vix
607 1548 768 1620 conscius
802 1547 891 1643 ipse,
936 1546 1112 1643 quidquid
1152 1546 1380 1617 commodum
1425 1552 1484 1616 aut

271 1691 508 1780 opportunum
526 1683 725 1770 videbatur,
756 1683 894 1779 quoties
912 1706 968 1753 res
989 1681 1081 1770 tulit,
1108 1681 1340 1778 deprompsit,
1367 1705 1483 1778 neque

272 1818 307 1889 id
333 1816 463 1913 quibus
489 1816 605 1887 modis
633 1816 668 1887 in
697 1840 796 1886 suam
824 1815 1009 1887 utilitatem
1028 1821 1258 1903 converteret,
1284 1813 1483 1911 quidquam

271 1949 371 2047 pensi
393 1974 550 2046 unquam
574 1949 709 2022 habuit.

321 2091 456 2162 Deinde
475 2092 596 2163 nonin
617 2091 660 2162 iis
680 2099 828 2176 tantum,
842 2117 932 2188 quae
960 2092 1004 2162 ad
1023 2115 1221 2163 sermonem
1240 2093 1482 2186 germanicum

272 2233 480 2321 spectarent,
501 2226 564 2297 sed
595 2225 629 2297 in
659 2226 838 2314 omnibuS,
861 2251 951 2323 quae
972 2233 1046 2297 tum
1071 2226 1113 2298 de
1144 2226 1311 2297 universa
1344 2225 1484 2322 lingua·

271 2383 349 2430 rum
367 2358 526 2431 doctrina
544 2359 773 2454 agitarentur,
795 2359 1076 2456 quaestionibus,
1091 2357 1305 2430 Leihnitium
1324 2361 1484 2457 superio-

271 2493 369 2565 ribus
387 2493 526 2564 abunde
546 2517 651 2564 usum
670 2517 748 2564 esse
764 2501 920 2590 apparet.

320 2625 421 2714 Quod
440 2634 478 2697 ut
494 2626 597 2721 plane
612 2627 839 2699 manifestum
856 2628 967 2715 fieret,
988 2651 1114 2722 operae
1130 2627 1280 2723 pretium
1291 2653 1369 2699 esse
1381 2629 1483 2702 nobis

272 2758 389 2829 visum
407 2766 471 2844 est,
506 2757 535 2828 si
569 2757 658 2829 inter
686 2783 723 2830 se
757 2760 999 2831 conferrentur
1025 2759 1186 2830 Leibnitii
1218 2767 1252 2832 et
1287 2760 1484 2832 doctissimi

272 2890 607 2987 diligentissimique
624 2891 714 2962 inter
733 2891 890 2964 eruditos
909 2892 1004 2962 illius
1023 2893 1181 2964 exeuntis
1215 2894 1347 2966 saeculi
1372 2894 1481 2984 vimS,

271 3025 403 3096 scilicet
431 3023 663 3121 polyhistoris
691 3025 866 3114 Morholri,
904 3026 1111 3115 sententiae,
1151 3036 1185 3098 et
1222 3028 1479 3116 ostenderetur,

271 3182 515 3254 quaecumque
533 3158 601 3228 buo
626 3158 819 3254 spectantia
836 3159 929 3255 apud
958 3158 1170 3231 Leihnitium
1190 3158 1422 3255 reperiantur,
1443 3183 1484 3230 ea

267 3291 479 3388 jamdudum
497 3317 518 3362 a
537 3291 708 3363 Morbofio
727 3292 867 3388 copiose
886 3315 963 3363 esse
987 3292 1179 3381 enuntiata,
1201 3291 1310 3363 immo
1329 3292 1484 3388 plerum-

271 3449 340 3521 que
363 3427 472 3497 multo
507 3424 660 3496 lucidius
691 3425 899 3521 firmiusque
918 3426 1112 3522 proposita,
1138 3451 1177 3496 ao
1204 3426 1314 3497 multo
1338 3425 1482 3496 meliore

271 3559 328 3630 via
347 3567 380 3631 et
396 3561 530 3631 ratione
549 3559 701 3630 deducta
717 3568 751 3630 et
773 3559 990 3630 confirmata.

312 3693 433 3789 ,Aegre
452 3693 546 3765 enim
570 3692 681 3763 ullum
709 3691 865 3788 reperias
899 3690 958 3763 illo
990 3699 1146 3788 tempore
1174 3692 1375 3788 linguarum
1401 3692 1483 3762 doc-

271 3827 381 3898 trinae
402 3827 602 3898 studiosum
637 3825 765 3913 virum,
786 3849 893 3922 quem
934 3826 1050 3922 aptius
1077 3833 1111 3896 et
1137 3825 1369 3922 opportunius
1402 3850 1482 3896 oum

273 3959 445 4031 Leibuitio
485 3984 687 4055 comparare
710 3959 839 4056 possis.
875 3959 1010 4055 Quippe
1044 3959 1105 4056 qui
1136 3960 1364 4056 praecipuum
1393 3985 1482 4056 opus

270 4116 387 4180 suum,
409 4092 464 4163 cui
483 4093 605 4164 titulus
626 4100 679 4163 est
706 4094 905 4166 Untcrra'rlrt
927 4117 990 4164 ron
1018 4093 1076 4164 der
1108 4095 1294 4165 Teutrrlzcn
1329 4095 1483 4188 Sprarlzc

271 4224 344 4296 aad
371 4227 495 4298 Pocula
509 4225 576 4322 (l),
599 4251 690 4297 anno
717 4229 791 4322 jum
814 4229 906 4298 1682
924 4226 1054 4322 publici
1078 4227 1169 4322 juris
1188 4228 1334 4316 lactum,
1356 4226 1480 4297 eodem

303 4493 338 4557 (l)
357 4493 422 4554 Kiel,
440 4495 587 4555 naumann,
606 4497 681 4554 1682,
699 4483 793 4545 Vlss908
814 4508 841 4560 p.
855 4497 937 4546 in·8⁰.
955 4523 982 4532 -
999 4499 1023 4546 2.
1038 4496 1079 4547 ed.
1097 4512 1103 4546 :
1121 4497 1229 4550 Luboclr
1244 4498 1297 4550 und
1311 4496 1478 4554 Francklurt,

253 4592 459 4661 'Wiedemeyea
482 4601 556 4658 1700,
580 4599 655 4648 insa
673 4622 700 4634 -
719 4601 741 4646 3.
755 4597 795 4647 ed.
811 4613 816 4647 :
833 4597 939 4649 Lubeclr
955 4597 1008 4648 und
1030 4599 1144 4664 Leipzig,
1165 4600 1274 4651 Klossan
1298 4598 1352 4650 und
1369 4595 1476 4650 Wiede-

271 4709 371 4762 moyere
385 4697 481 4759 Erben,
497 4701 571 4760 171⁸,
587 4701 663 4750 in-80.
