3446 5452
870 569 1085 656 -loda

376 719 445 791 dier
459 723 649 810 engelardi
667 729 699 792 at
722 725 855 810 antiqua
877 727 1135 812 germanicarum
1160 725 1345 810 linguarum
1373 725 1584 793 nronumentt

370 835 470 916 magis
487 853 524 898 ac
539 837 640 916 magis
656 837 689 898 in
705 837 807 900 lucem
822 856 933 900 rursus
947 836 1124 916 prodeunt:
1137 836 1215 898 haee
1225 841 1298 898 ante
1308 837 1417 898 omnia
1428 836 1583 898 sciscitari

368 943 470 1018 decet,
485 943 584 1006 exhis
596 945 800 1022 potissimum
811 949 951 1018 eruetur,
965 944 1083 1023 quibus
1099 944 1342 1023 legibuslingua
1357 944 1397 1004 sit
1412 943 1583 1004 informata

372 1055 404 1112 et
421 1057 515 1113 aucta
530 1051 647 1130 1111111
664 1071 832 1131 nunquam
849 1051 957 1115 dubiis
971 1053 1106 1114 testibus
1119 1053 1275 1114 invocatis
1290 1053 1455 1132 aptissime
1468 1051 1584 1114 enoda·

373 1158 464 1221 bitur
477 1157 672 1220 obscurioris
686 1160 844 1238 cujusque
856 1160 1004 1220 vocabuli
1021 1159 1110 1238 origo
1125 1159 1179 1235 (3).

405 1266 492 1338 Quae
507 1283 580 1326 cum
604 1266 647 1326 ita
663 1265 738 1337 sint,
753 1267 806 1326 vix
828 1267 975 1344 pluribus
989 1265 1093 1327 verbis
1117 1263 1231 1326 dooere
1251 1281 1382 1326 necesse
1398 1266 1468 1338 erit,
1480 1266 1511 1326 in
1528 1264 1580 1326 his

375 1372 489 1432 iterum
505 1372 614 1450 inique
625 1389 680 1432 eos
691 1372 815 1442 secisse,
835 1373 890 1449 qui
904 1372 1099 1432 Leibnitium
1117 1370 1266 1432 laudibus
1280 1373 1402 1434 allicere
1414 1371 1582 1432 nondubi-

364 1480 511 1551 taverint,
527 1479 618 1556 quasi
633 1479 756 1555 primus
768 1479 955 1550 monuisset,
968 1479 1080 1556 quanti
1090 1479 1171 1539 foret
1186 1479 1339 1539 momenti
1355 1479 1394 1540 ad
1404 1479 1577 1557 parandam

368 1584 602 1664 diligentiorem
619 1585 804 1662 linguarum
814 1583 946 1663 originis
963 1588 992 1644 et
1006 1585 1194 1645 incrementi
1208 1586 1368 1658 notitiam,
1386 1587 1412 1645 si
1426 1587 1581 1664 cujusque

372 1690 675 1760 sermonishistoria
692 1691 832 1767 primum
858 1689 1051 1752 conderetur
1065 1695 1107 1763 et,
1129 1709 1192 1769 qua
1207 1692 1258 1752 via
1283 1692 1420 1771 quisque
1447 1694 1484 1752 ab
1500 1692 1580 1752 anti-

371 1797 535 1875 quissimis
550 1796 747 1874 temporibus
763 1801 846 1857 esset
871 1814 1069 1875 progressus,
1086 1815 1124 1858 ea
1147 1800 1238 1876 quasi
1270 1804 1446 1860 retrorsum
1467 1799 1581 1861 rediret

369 1904 584 1981 investigatio.
599 1903 749 1976 Quamvis
764 1903 852 1963 enim
866 1919 980 1982 magno
997 1905 1150 1964 orationis
1174 1906 1277 1966 nitore
1306 1924 1386 1966 usus
1416 1907 1477 1967 hoc
1492 1924 1581 1984 argu·

370 2014 512 2070 mentum
529 2010 704 2070 Leibnitius
719 2010 831 2070 multis
845 2010 936 2082 locis,
963 2010 1134 2088 praecipue
1150 2015 1255 2072 autem
1279 2013 1312 2072 in
1328 2010 1421 2071 Brevi
1437 2010 1580 2092 11111911-

371 2116 462 2190 tione,
478 2116 639 2194 presserit,
655 2115 736 2176 nihil
749 2117 815 2193 jam
828 2116 866 2176 ab
881 2134 918 2176 eo
934 2133 1002 2177 esse
1018 2115 1141 2178 dictum
1161 2118 1398 2196 apparet,quod
1410 2136 1476 2178 non
1490 2117 1578 2196 quasi

371 2223 468 2284 etiam
489 2227 584 2301 atque
610 2223 705 2284 etiam
734 2223 909 2283 contritum
933 2224 974 2282 sit
1002 2222 1263 2296 existimandum,
1287 2241 1359 2284 eum
1388 2225 1482 2301 plane
1496 2223 1577 2284 idem

372 2331 564 2390 multo'ante
577 2330 750 2390 llorhotius
764 2330 796 2388 in
811 2327 1022 2404 Institutione,
1038 2329 1124 2390 haud
1139 2330 1183 2389 ita
1197 2331 1365 2390 concinnis
1381 2323 1523 2403 tortasse,
1548 2333 1579 2390 at

369 2455 441 2497 non
452 2436 525 2497 ideo
542 2437 647 2498 minus
662 2437 838 2497 manifestis
849 2437 953 2497 verbis
969 2437 1205 2514 significaverit.

410 2543 514 2605 Simili
542 2543 638 2604 modo
655 2542 849 2603 Leibnitium
874 2544 968 2621 longe
990 2547 1203 2604 antecesserat
1223 2543 1408 2617 Morhotius,
1428 2562 1502 2604 cum
1515 2545 1578 2623 jam

372 2650 406 2710 in
417 2650 564 2727 pluribus
576 2647 786 2708 Institutionis
806 2649 885 2709 locis
902 2648 1068 2720 indicaret,
1096 2654 1176 2726 quot
1197 2654 1227 2709 et
1251 2653 1371 2726 quanta
1391 2655 1578 2728 argumenta

368 2773 405 2816 ex
419 2755 616 2832 investigatis
630 2756 786 2834 gentium,
803 2755 984 2833 regionum,
1006 2755 1190 2826 fluviorum,
1208 2756 1381 2828 montium,
1406 2757 1536 2816 urbium
1550 2759 1579 2816 et

368 2863 513 2940 ipsorum
524 2861 696 2922 hominnm
710 2862 847 2939 propriis
862 2862 1049 2922 nominibus
1065 2867 1170 2922 essent
1192 2861 1349 2923 ducenda.
1366 2864 1453 2936 Quae
1471 2869 1578 2942 aptum

369 2969 403 3029 in
418 2968 553 3029 modum
568 2969 733 3045 explorata
755 2968 927 3028 Morhofius
946 2968 1143 3047 jampridem
1167 2977 1319 3042 senserat,
1336 2989 1401 3031 non
1427 2973 1579 3051 etymolo-

370 3076 458 3153 gieae
474 3076 519 3135 rei
540 3080 664 3136 tantum
686 3073 741 3135 sed
760 3075 905 3152 gentium
926 3077 1022 3136 etiam
1038 3076 1190 3137 historiae
1206 3078 1323 3137 melius
1344 3079 1579 3156 cognoscendae

375 3188 405 3244 et
419 3183 614 3261 populorum
628 3180 805 3260 originibus
821 3182 1140 3260 connexionibusque
1156 3183 1273 3242 certius
1290 3183 1486 3262 detegendis,
1501 3186 1580 3246 mul·

374 3294 444 3349 turn
459 3289 604 3350 conferre
619 3306 713 3367 posse
737 3285 746 3366 (
770 3287 790 3368 ).

410 3399 473 3458 Nee
487 3396 595 3456 minus
611 3399 702 3456 acute
718 3394 921 3466 Morhofium,
939 3395 1041 3454 multo
1058 3399 1130 3454 ante
1153 3395 1360 3470 Leibnitium,
1387 3398 1581 3474 perspexisse

377 3507 513 3575 constat,
529 3503 640 3580 quanti
657 3502 698 3561 sit
721 3501 877 3562 momenti
901 3500 940 3560 ad
958 3500 1183 3561 illustrandam
1211 3502 1396 3580 linguarum
1418 3503 1580 3564 historiam

377 3608 514 3688 diligens
530 3608 700 3678 variarum,
718 3608 751 3667 in
766 3624 846 3684 quas
859 3606 1017 3684 cujusque
1030 3607 1215 3667 recentioris
1230 3609 1347 3686 populi
1357 3626 1462 3670 sermo
1478 3611 1583 3671 etiam·

372 3732 460 3780 nunc
488 3713 683 3793 dispertitur,
700 3713 913 3774 dialectorum
928 3713 1145 3792 investigatio;
1164 3731 1240 3775 curn
1262 3715 1371 3775 multis
1398 3717 1487 3780 verbi
1502 3715 1582 3778 haud

409 4001 446 4069 (tJ
470 4001 542 4067 unt,
560 4008 618 4056 111.

410 4103 449 4166 (1)
466 4100 542 4162 1111..
559 4103 683 4152 tel-tte.

408 4198 444 4262 (1)
464 4194 616 4257 1111.,111.

407 4295 446 4358 it)
465 4289 539 4352 11111,
556 4292 597 4350 11,
612 4292 653 4350 13,
669 4288 1158 4344 111111.-1111111111111111111
1175 4293 1314 4346 scientiam
1327 4294 1492 4360 propriorum
1509 4293 1587 4348 nomi·

376 4398 439 4438 num
455 4384 659 4451 pertinentibus,
675 4383 709 4436 ct.
725 4385 795 4444 Unt,
811 4386 842 4435 31
856 4386 882 4435 et
895 4388 942 4435 111
952 4399 960 4448 ;
984 4384 1047 4451 quid
1063 4385 1095 4437 de
1110 4385 1202 4437 eadem
1217 4401 1244 4438 re
1258 4389 1369 4440 senserit
1387 4387 1541 4448 leibnitius,
1554 4387 1586 4440 cl.

378 4480 524 4536 Gubrauer,
538 4479 568 4529 G.
584 4478 635 4540 W,
653 4478 772 4528 Freinerr
781 4493 827 4528 von
842 4477 967 4532 leibnitz.
978 4480 1044 4532 Eine
1059 4481 1590 4562 1119111111,111111111111111111

385 4575 634 4652 ,111111111111111111ι
647 4573 688 4630 ed.
702 4576 788 4643 11111,
804 4575 823 4654 1,
838 4577 896 4644 271.
