3462 5452
863 597 1052 675 ..92-

350 762 455 824 verbis
470 763 610 826 auctoris
631 764 742 826 merita
764 764 797 826 in
816 782 882 827 rem
900 766 1146 846 etymologicam
1162 767 1329 829 extolleret
1347 771 1377 828 et
1392 763 1485 845 quasi
1504 761 1574 826 col-

351 871 463 950 ligeret
477 889 514 933 ac
530 877 722 933 surnrnaret:
748 896 762 929 κ
787 873 893 934 Sohon
916 893 956 934 an
976 873 1042 934 und
1065 873 1116 935 iiir
1139 874 1206 935 sich
1223 893 1289 935 war
1304 893 1337 936 es
1353 892 1413 934 von
1437 890 1574 934 ausser-

352 980 582 1042 ordentliohem
601 980 754 1054 Gewicht‚
772 979 844 1041 dass
867 981 935 1040 sich
958 981 1009 1041 ein
1025 982 1121 1042 Mann
1142 999 1204 1041 von
1222 981 1325 1042 dieser
1343 999 1474 1060 grossen
1499 978 1573 1040 und

349 1087 521 1168 allgemein
549 1087 767 1148 anerkannten
789 1087 977 1166 Bedeutung
1000 1088 1059 1148 mit
1080 1089 1279 1168 Etymmogie
1305 1107 1339 1149 so
1357 1083 1575 1168 eindrinqend

353 1195 419 1256 und
432 1194 587 1274 ernstiust
602 1194 818 1272 besohaeitigte
835 1217 850 1248 »
872 1195 926 1272 (i).

390 1303 497 1364 Potuit
520 1302 664 1379 proiecto
687 1300 862 1361 Leibnitius
888 1301 1130 1380 etymologicae,
1153 1302 1202 1362 vel
1224 1303 1286 1362 iate
1308 1302 1440 1362 didusae
1460 1302 1572 1362 famae

352 1408 551 1480 auctoritate,
567 1408 618 1467 vel
640 1406 783 1485 undique
800 1407 1048 1485 conjunctarum
1064 1407 1278 1469 amicitiarum
1298 1408 1463 1483 beneficio,
1486 1407 1573 1466 hinc

352 1515 470 1575 multos
485 1513 661 1574 adsciscere
677 1514 829 1586 fautores,
847 1513 937 1572 illino
953 1513 1123 1572 innumera
1138 1513 1341 1591 suppeditare
1364 1531 1449 1574 nova
1464 1513 1572 1573 docu-

351 1625 471 1692 menta;
496 1620 602 1697 potuit
617 1619 712 1678 etiam
729 1619 850 1679 officere
867 1621 902 1678 ut
916 1619 1181 1696 inquirendarum
1196 1621 1465 1698 etymologiarum
1480 1619 1573 1697 sugi-

351 1727 437 1788 tivus
453 1725 582 1803 quidam
600 1743 667 1784 mos
689 1730 720 1784 et
740 1725 924 1784 inconstans
947 1723 1087 1784 studium
1105 1725 1190 1804 apud
1215 1727 1366 1788 cultiores
1390 1726 1570 1805 elegantio-

354 1850 468 1911 resque
483 1832 630 1892 homines
655 1832 769 1891 iterum
795 1836 939 1910 surgeret
963 1836 994 1891 et
1019 1831 1059 1892 ad
1083 1832 1177 1892 breve
1200 1839 1326 1910 tempus
1342 1834 1479 1911 vigeret:
1505 1832 1570 1910 ipsi

358 1945 464 2001 autem
490 1939 720 2018 etymologicao
746 1937 936 2016 disciplinae
962 1939 1031 2016 ejus
1060 1938 1241 2016 exemplum
1270 1944 1300 1999 et
1325 1939 1416 2000 labor
1440 1940 1569 1999 nuiium

360 2046 555 2108 certedecus
575 2044 694 2117 attulit,
716 2062 776 2105 nec
797 2044 1045 2122 etymologicam
1067 2043 1243 2104 doctrinam
1271 2045 1338 2105 ullo
1360 2044 1488 2106 definito
1512 2048 1571 2104 aut

347 2167 425 2214 rere
442 2169 526 2213 novo
542 2155 711 2228 praecepio
734 2149 856 2210 ditavit.
873 2150 1125 2229 Etymologicam
1142 2155 1251 2223 ortem,
1276 2154 1311 2209 ut
1333 2154 1410 2216 tunc
1429 2150 1568 2221 aiebant,

355 2277 456 2339 usque
476 2257 603 2318 subtilis
625 2261 656 2316 et
669 2256 828 2335 ingeniosi
843 2256 1005 2328 amatoria,
1022 2273 1255 2334 nonnunquam
1273 2257 1460 2334 quaestuosi
1483 2260 1513 2316 et
1535 2255 1569 2314 in

353 2365 533 2444 proximum
567 2363 694 2422 lucrum
719 2361 832 2421 intenti
858 2360 1054 2440 indagatoris
1084 2379 1182 2435 more,
1210 2361 1378 2434 scientiam,
1401 2343 1569 2440 nunquam

355 2469 505 2549 prudenti
536 2473 568 2528 et
599 2467 708 2528 sedato
736 2467 863 2540 eruditi,
891 2485 1001 2528 resae
1027 2468 1185 2546 principia
1214 2469 1311 2546 graiis
1338 2473 1369 2528 et
1392 2469 1569 2546 composite

357 2577 542 2648 scrutantis,
558 2575 618 2634 viri
635 2574 742 2634 animo
758 2572 924 2634 colendam
942 2574 1092 2652 suscepit.

393 2879 430 2946 (i)
449 2880 595 2932 Gesriu'chte
607 2880 653 2929 der·
667 2877 953 2945 Spruclrwr'sseusclmft,
969 2881 1017 2930 att
