3446 5452
843 553 1059 637 -136-

382 705 469 786 Quae
485 711 644 793 imprimis
659 729 716 793 pro
731 713 834 793 patria
849 713 961 796 lingua
975 713 1044 796 pari
1061 731 1169 778 amore
1196 717 1226 778 et
1255 712 1384 794 ingenio
1405 705 1541 777 instructi

344 821 534 895 sentiebant,
545 821 656 884 eadem
673 840 760 884 nune
774 825 886 885 ambos
901 825 1085 902 impellunt.
1102 827 1252 903 Uterque,
1269 828 1305 885 ut
1321 822 1404 884 intra
1425 840 1545 902 appere-

344 929 403 1003 bit,
419 929 580 992 similibus
595 947 694 1010 prope
707 932 823 1005 verbiS,
838 935 1060 1011 contemptum
1077 951 1145 994 esse
1160 933 1312 1013 gentilem
1326 949 1502 994 sermonem
1514 934 1544 993 et

346 1044 533 1118 corruptum
548 1039 645 1114 dolet,
661 1045 756 1120 atque
771 1041 886 1103 iisdem
900 1041 964 1103 tere
980 1041 1130 1104 remediis
1145 1042 1325 1105 sanandum
1346 1059 1414 1103 esse
1433 1043 1543 1102 censet.

383 1148 521 1225 Uterque
537 1148 752 1226 insuperquid
766 1148 998 1211 absolvendum
1012 1154 1094 1212 esset
1109 1150 1222 1212 eodem
1237 1151 1302 1212 tere
1316 1150 1450 1211 consilio
1466 1149 1548 1227 cogi·

346 1255 435 1328 tavit,
459 1253 611 1315 inauditis
627 1272 659 1314 se
676 1256 809 1316 minime
823 1257 949 1335 jactans
963 1259 1141 1336 praeceptis
1164 1261 1219 1318 aut
1247 1258 1422 1319 insolentes
1437 1257 1543 1318 recita-

346 1365 437 1425 turus
458 1361 497 1422 do
510 1366 575 1423 arte
586 1363 722 1440 poetica,
734 1366 808 1441 post
827 1364 920 1424 toties
928 1365 997 1444 jam
1013 1366 1046 1425 in
1062 1365 1231 1426 Germania
1246 1366 1285 1426 ab
1308 1366 1438 1426 ineunte
1453 1363 1542 1427 XVll⁰

348 1469 476 1532 saeculo
498 1467 536 1529 de
558 1468 618 1530 hac
643 1468 788 1530 doctrina
817 1469 930 1544 editos,
963 1471 1224 1532 commentarios.
1254 1470 1427 1531 Modestius
1466 1469 1550 1531 enim

346 1578 508 1655 simulque
523 1576 679 1639 excelsius
693 1577 859 1639 tentabant
879 1579 1056 1656 inceptum,
1072 1595 1147 1640 curn
1161 1578 1321 1639 veteribus
1338 1577 1551 1654 obsoletisque

351 1685 572 1746 contreversiis
587 1702 723 1764 purgare
737 1686 856 1747 vellent
870 1684 1026 1764 quidquid
1047 1686 1122 1746 novi
1139 1690 1170 1746 et
1184 1686 1367 1746 inconcussi
1382 1685 1469 1745 viam
1489 1683 1553 1744 his·

349 1793 462 1864 toriae,
477 1793 691 1871 experientiae
707 1796 840 1854 etsanae
855 1794 970 1854 mentis
981 1794 1114 1873 ingressi
1130 1794 1190 1854 viri
1218 1793 1388 1867 auderent;
1420 1811 1458 1854 ac
1473 1809 1555 1854 sum-

347 1915 434 1961 mum
455 1899 534 1961 illud
552 1898 611 1958 sibi
629 1917 751 1959 munus
767 1899 1046 1972 desoribebant,ut
1058 1901 1108 1962 vel
1129 1901 1233 1962 tontes
1258 1901 1447 1973 indicarent,
1471 1899 1554 1962 unde

345 2013 479 2078 meliora
494 2012 615 2074 hauriri
629 2016 770 2090 possent,
786 2012 848 2084 vel,
864 2016 899 2072 ut
914 2013 958 2071 ita
972 2010 1089 2083 dicam,
1111 2007 1325 2072 instrumenta
1340 2009 1553 2082 ostenderent,

348 2123 465 2201 quibus
476 2123 509 2182 in
524 2121 645 2200 ingenti
659 2118 874 2182 restituendae
890 2119 1091 2197 germanicae
1111 2119 1241 2197 linguae
1270 2121 1301 2178 et
1319 2116 1556 2195 promovendae

352 2231 458 2311 poesis
473 2231 582 2290 labore
598 2227 754 2289 utendum
782 2232 874 2298 esset,
889 2228 938 2287 vel
967 2228 1053 2305 ipsos
1082 2230 1297 2287 monstrarent
1312 2225 1351 2285 ab
1368 2225 1455 2285 omni
1469 2226 1556 2302 parte

352 2337 549 2416 colligendos
565 2336 749 2407 auxiliares,
766 2353 813 2407 ac,
836 2336 861 2394 si
885 2352 934 2395 res
950 2339 1106 2413 posceret,
1131 2334 1169 2395 ad
1191 2351 1397 2394 communem
1427 2350 1557 2412 operam

351 2445 580 2523 compellerent
593 2447 623 2504 et
638 2444 821 2504 excitarent.

387 2553 425 2612 At
449 2552 566 2612 similia
585 2551 716 2627 cupiens
732 2549 1007 2627 prospiciensque,
1024 2553 1136 2626 suopte
1154 2553 1264 2609 tamen
1282 2553 1416 2627 uterque
1428 2549 1557 2627 ingenio

348 2662 379 2720 et
392 2658 546 2737 peculiari
562 2658 685 2718 ratione
700 2655 812 2717 eadem
823 2656 989 2732 amplexus
1005 2660 1062 2716 est.
1080 2657 1189 2733 ltaque
1205 2655 1362 2716 Leibnitio
1386 2656 1557 2733 praecipue

350 2767 489 2844 plaoent,
505 2765 654 2825 inchoata
667 2765 719 2824 vix
734 2763 967 2836 emendatione,
983 2763 1208 2841 philosophica
1223 2768 1403 2842 praecepta,
1430 2781 1511 2842 quae
1526 2764 1561 2824 in

351 2889 458 2933 rerum
490 2870 759 2948 contemplatione
788 2873 956 2929 versantur
987 2873 1018 2928 et
1059 2869 1273 2947 descriptione
1313 2869 1559 2947 conspicuans

348 2978 645 3050 fictionedioamus3
671 2979 888 3055 apparentque
902 2977 1008 3038 statim
1031 2977 1137 3037 variae
1158 2977 1378 3038 institutiones
1400 2995 1438 3038 aa
1455 2979 1561 3039 multa

335 3085 521 3164 proposita,
536 3084 717 3144 luculenter
730 3081 862 3160 quidem
876 3083 1033 3160 explicata
1046 3087 1077 3143 et
1090 3083 1183 3144 valde
1196 3083 1313 3144 idonea
1327 3083 1366 3144 ad
1381 3085 1560 3145 curandam

346 3193 453 3252 labem
466 3210 472 3265 ;
486 3191 593 3251 minus
605 3194 712 3250 autem
724 3188 879 3266 probatur
895 3207 976 3267 quae
991 3191 1025 3249 in
1041 3190 1166 3251 actione
1182 3195 1326 3251 versatur
1338 3191 1558 3270 philosophia,

348 3302 377 3358 et
402 3297 546 3359 docentis
574 3296 676 3374 ipsius
696 3294 847 3356 adversus
865 3295 943 3356 vitia
970 3312 1050 3374 opus
1075 3298 1130 3355 aut
1158 3296 1271 3356 saltem
1287 3296 1456 3357 arbitrium
1481 3297 1562 3359 desi-

346 3404 485 3466 deratur.

387 3511 559 3573 Morhotius
573 3515 695 3586 contra,
719 3511 843 3571 minora
856 3525 953 3587 quam
982 3509 1158 3570 Leibnitius
1185 3510 1347 3578 affectans,
1364 3527 1446 3588 quae
1473 3511 1561 3572 adire

350 3619 484 3679 tortasse
497 3635 562 3678 non
590 3618 634 3678 ita
655 3633 844 3678 concessum
860 3616 888 3676 ei
910 3620 976 3676 erat
1002 3620 1032 3676 et
1046 3633 1154 3676 rerum
1181 3615 1424 3677 universitatem
1452 3618 1560 3696 amplo

346 3723 532 3802 philosophi
556 3723 684 3802 ingenio
704 3726 864 3801 patentem
880 3722 1145 3800 praetermittens,
1157 3722 1377 3800 quaestionem
1392 3722 1501 3801 potius
1521 3722 1561 3784 ad

348 3829 562 3909 philologicas
577 3834 677 3891 etusu
693 3828 881 3907 quotidiano
897 3832 1048 3889 tractatas
1073 3829 1214 3890 rationes
1233 3835 1371 3891 revocat.
1393 3830 1476 3902 Quid
1491 3836 1560 3893 tum

348 3937 390 3996 sit
405 3936 443 3997 de
457 3937 560 4015 patria
580 3937 703 4015 lingua,
720 3935 797 4014 quid
828 3937 860 3996 in
887 3940 1050 4014 posterum
1067 3936 1271 3997 sentiendum
1288 3955 1324 3998 ac
1353 3938 1560 4016 sperandum,

349 4043 467 4102 clarius
494 4046 523 4103 et
551 4045 662 4103 utilius
690 4060 785 4120 quam
808 4041 984 4101 Leibnitius
1006 4043 1197 4120 introspicit,
1224 4044 1364 4121 exponit,
1384 4045 1559 4105 concludit.

350 4151 492 4226 Namque
507 4168 571 4209 non
588 4150 693 4210 solum
709 4167 790 4227 quae
806 4149 847 4207 sit
864 4148 1002 4226 petenda
1017 4149 1068 4209 via
1097 4150 1237 4210 ostendit
1253 4155 1283 4210 et
1297 4169 1361 4228 quo
1389 4168 1561 4230 progressu

354 4274 390 4316 ea
407 4256 576 4328 metienda,
591 4256 645 4316 sed
661 4257 767 4325 etiam,
782 4254 983 4315 eruderatam
1010 4255 1114 4332 primo
1140 4256 1272 4316 incursu
1288 4257 1355 4334 ipse
1384 4257 1558 4336 ingressus,

351 4363 520 4423 incedendi
545 4362 679 4422 modum
700 4360 883 4421 manifestat
897 4361 1043 4439 exemplo
1060 4362 1160 4440 magis
1188 4379 1284 4440 quam
1299 4364 1474 4441 praecepto
1490 4381 1497 4437 ;
1521 4380 1559 4424 ne

350 4471 454 4549 plura,
472 4467 726 4541 remonstrando,
742 4466 920 4545 probando,
937 4465 1072 4546 agendo,
1088 4482 1157 4541 nec,
1174 4471 1210 4530 ut
1225 4467 1315 4539 alter,
1343 4466 1557 4542 consiliando,

352 4577 502 4662 optando,
519 4574 688 4650 hortando,
701 4574 802 4636 docet.
