3462 5452
674 621 864 723 ’.45-

654 993 805 1071 CAPUT
831 995 892 1070 Vl.

347 1265 390 1316 DE
417 1262 659 1315 SUPERIORIBUS
686 1262 889 1313 GERMANICIS
915 1263 1086 1313 DIAbEC'l'lS
1112 1265 1192 1326 QUID

574 1415 772 1466 MORHOFIUS
799 1414 968 1464 sensuum.

202 2004 378 2069 llorhofius
393 2005 522 2070 enimet
535 2007 834 2089 ejusaequales,vel
846 2008 989 2072 omnium
1001 2013 1181 2089 temporum
1195 2007 1279 2070 cives
1294 2007 1374 2089 ejus,

165 2114 250 2176 nulli
272 2114 424 2193 imparem
449 2133 517 2176 esse
541 2116 683 2194 linguam
703 2117 918 2196 germanicam
943 2135 1069 2196 semper
1091 2117 1373 2189 existimaverunt;

164 2238 267 2280 unam
292 2222 439 2282 concedit
459 2223 513 2282 ille
537 2223 614 2283 huic
640 2227 812 2301 praestare,
835 2224 979 2297 latinam,
1003 2225 1056 2284 vix
1077 2223 1268 2302 quibusdam
1294 2224 1378 2282 inter

163 2328 357 2401 romanicos,
378 2333 414 2388 ut
434 2327 586 2403 vidimuS,
606 2330 761 2408 majorem
783 2334 981 2390 venustatem
997 2331 1243 2406 suavioremque
1260 2346 1377 2390 sonum

165 2440 196 2497 et
214 2452 386 2496 numerum
410 2437 554 2515 largitus.
578 2438 621 2496 De
646 2455 709 2514 qua
732 2437 888 2497 sententia
910 2441 1045 2496 nonest
1069 2435 1155 2514 quod
1178 2437 1279 2514 probo
1308 2436 1376 2496 viro

164 2544 256 2603 litem
273 2543 488 2616 intendamus
503 2545 620 2622 quippe
637 2544 690 2622 qui
712 2544 815 2604 officio
835 2544 998 2623 iungatur,
1015 2561 1090 2603 cum
1110 2543 1238 2623 linguae
1253 2561 1377 2622 germa-

163 2647 258 2708 nicae
285 2647 417 2708 virtutes
435 2648 571 2707 summis
594 2647 744 2708 laudibus
766 2648 916 2720 extollat;
941 2647 1020 2725 quin
1043 2648 1151 2721 etiam,
1171 2664 1237 2707 non
1259 2647 1377 2709 infitias

165 2753 323 2828 eundum,
340 2773 426 2828 eum,
447 2759 482 2815 ut
496 2756 561 2815 acri
578 2759 608 2816 et
624 2753 785 2815 interdum
799 2755 967 2832 petulanti,
989 2755 1044 2832 qui
1065 2755 1196 2834 quidem
1210 2757 1330 2834 patriae
1346 2760 1378 2816 et

167 2861 296 2940 linguae
318 2862 574 2922 amantissimum
601 2862 704 2921 virum
731 2879 796 2922 non
819 2861 961 2935 dedecet,
989 2863 1098 2924 animo
1125 2882 1256 2924 causam
1280 2864 1375 2937 dicat,

168 2969 212 3028 ita
233 2969 328 3046 aequi
357 2973 388 3029 et
417 2969 585 3046 temperati
611 2968 752 3028 censoris
784 2967 918 3028 modum
942 2986 1068 3046 semper
1090 2971 1275 3044 servavisse,
1300 2989 1375 3031 cum

166 3075 292 3135 nullam
307 3075 344 3134 ah
363 3075 434 3134 aliis
446 3074 602 3152 prolatam
619 3075 823 3146 sententiam,
837 3074 899 3134 nisi
917 3091 1013 3134 causa
1030 3073 1198 3154 diligenter
1215 3077 1377 3137 elaborata

165 3199 202 3243 ac
216 3186 409 3260 pertractata
425 3182 624 3260 quaestione,
634 3185 689 3240 aut
708 3181 874 3241 admiserit
894 3185 949 3242 aut
964 3181 1127 3254 relellerit,
1142 3201 1202 3243 nec
1214 3183 1280 3244 ulla
1295 3184 1374 3261 ipse,

159 3275 228 3348 ¹nisi
246 3306 263 3348 e
277 3289 410 3365 probata
425 3287 569 3349 doctrina
584 3291 685 3360 eruta,
705 3291 892 3365 argumenta
907 3289 1072 3366 collegerit
1086 3289 1141 3366 (l).

204 3398 275 3456 Non
299 3401 345 3456 est
370 3413 458 3456 nunc
480 3401 607 3473 tempus
633 3395 817 3471 inquirendi
842 3394 920 3473 quid
948 3395 986 3456 de
1010 3398 1194 3474 germanica
1217 3399 1328 3476 lingua
1342 3399 1377 3459 in

167 3503 355 3564 universum
369 3503 494 3575 sentiat,
511 3501 550 3562 de
564 3519 627 3579 quo
642 3504 753 3578 postea
768 3501 871 3561 lusius
885 3500 1058 3580 agendum,
1075 3520 1149 3562 cum
1165 3503 1291 3581 singula
1306 3504 1376 3582 ejus

168 3610 303 3670 consilia
326 3609 364 3670 de
389 3627 427 3669 ea
452 3607 654 3669 reformanda
679 3611 709 3666 et
738 3606 880 3667 ornanda
899 3625 1138 3686 persequemur.
1167 3611 1254 3671 Tunc
1281 3612 1376 3690 plane

169 3718 344 3796 apparebit,
360 3734 435 3776 eum
451 3717 551 3776 libero
568 3716 687 3792 ubique
703 3715 812 3775 animo
831 3715 914 3792 juris
932 3717 1132 3793 aequabilem
1155 3722 1262 3779 tenere
1278 3721 1376 3780 ratio-

169 3841 254 3894 nem,
279 3825 344 3898 sive
358 3823 479 3901 patriae
501 3822 629 3901 linguae
652 3822 785 3882 virtutes
807 3822 840 3881 in
864 3822 970 3883 lucem
993 3823 1125 3900 prolert,
1153 3842 1209 3884 seu
1231 3826 1376 3904 ejusdem

170 3930 246 3990 vitia
268 3929 392 3989 sincera
419 3927 479 3988 lide
507 3928 661 4006 agnoscit.
685 3928 743 3988 llic
766 3927 884 3987 dixisse
910 3931 959 3987 sat
982 3929 1042 3988 erit
1066 3930 1116 3989 vel
1140 3929 1302 3992 laudantis
1325 3934 1374 3994 vel

168 4034 378 4113 vituperantis
400 4033 559 4112 Judicium
585 4033 714 4094 assidua
738 4052 805 4094 non
825 4034 1026 4112 germanicae
1049 4036 1223 4114 superioris
1248 4041 1375 4100 tantum

170 4143 298 4222 linguae
314 4158 387 4200 cum
403 4140 593 4217 antiquioris
612 4144 683 4200 tum
698 4140 895 4212 recentioris,
922 4139 1089 4200 sedetiam
1116 4147 1315 4218 cunctarum,
1342 4147 1375 4206 in

169 4266 247 4327 quas
272 4265 311 4307 ea
332 4247 426 4324 longe
449 4245 576 4322 lateque
599 4245 715 4306 diffusa
740 4249 798 4320 est,
821 4245 1033 4306 dialectorum
1051 4250 1317 4329 pervestigatione
1344 4258 1376 4313 et

169 4355 298 4416 notione
314 4353 384 4413 niti.
1076 4357 1079 4364 '

203 4655 236 4717 (l)
255 4651 293 4704 cl.
311 4652 464 4718 pracsertim
481 4653 550 4715 one,
565 4654 689 4705 tta-tec.
