3446 5452
668 649 712 660 -
742 609 810 680 163
838 649 882 661 -

162 755 206 814 lio
232 754 288 834 (l),
317 754 423 815 doleat
448 757 664 830 vehementer,
685 774 757 817 eam
773 757 893 817 sensim
913 757 1028 816 factam
1056 774 1123 816 esse
1147 754 1376 816 conditionem

162 861 324 921 inferioris
359 863 572 940 germanicae,
600 862 743 924 maxima
779 863 934 935 ubertate,
958 862 1125 934 suavitate,
1152 859 1377 920 modulatione

160 967 324 1044 praeditae
341 967 480 1041 dialecti,
496 973 531 1028 ut
545 987 561 1028 e
573 968 753 1029 litterarum
763 987 826 1028 usu
841 967 987 1028 recedere
1005 966 1119 1027 debeat
1137 985 1143 1040 ;
1162 965 1217 1026 sed
1233 966 1375 1026 multum

166 1074 267 1146 abest,
281 1077 326 1146 ut,
344 1074 617 1152 quemadmodum
639 1075 905 1154 laurembergius
918 1073 973 1154 (ᾖ),
984 1079 1095 1135 contra
1110 1073 1294 1134 communis
1318 1071 1379 1130 lin-

79 1211 81 1215 ·
163 1166 246 1259 guae
272 1181 505 1254 auctoritatem,
543 1182 618 1242 inde
648 1200 666 1241 a
691 1181 830 1243 Luthero
862 1181 1127 1260 praepollentem,
1161 1179 1289 1239 resistat
1318 1180 1374 1261 aut

164 1291 341 1364 repugnet;
360 1287 412 1347 cui
428 1291 552 1347 tantum
578 1291 667 1364 optat
681 1287 778 1348 inseri
795 1286 953 1366 quidquid
971 1287 1066 1364 patrii
1095 1285 1213 1364 vigoris
1235 1289 1267 1344 et
1281 1284 1379 1342 vires-

165 1393 267 1452 centis
282 1393 349 1453 suci
365 1391 471 1453 adhue
488 1393 663 1470 praebeant
675 1392 803 1454 dialecti
812 1393 1032 1473 germanicae3
1051 1398 1192 1453 ceterum
1208 1390 1381 1467 adexpleta

165 1501 230 1559 lata
243 1499 457 1577 depaciscitur
472 1505 595 1577 sponte,
612 1517 672 1560 nec
685 1501 711 1560 is
724 1505 772 1560 est
787 1501 854 1578 qui,
872 1498 1039 1560 Schottelii
1061 1515 1162 1570 more,
1175 1496 1377 1567 sententiam,

165 1606 344 1666 occasionis
379 1595 435 1666 aut
458 1605 556 1666 studii
577 1607 751 1683 peculiaris
775 1623 883 1679 causa,
910 1609 1014 1665 mutet
1041 1610 1072 1664 et
1097 1605 1213 1682 cuique
1229 1602 1378 1674 dialecto,

165 1716 342 1790 utcumque
357 1712 460 1789 pluris
475 1713 651 1773 minorisve
667 1714 865 1785 aestimatur,
881 1729 969 1772 nunc
984 1711 1160 1789 indulgeat,
1170 1727 1257 1770 nunc
1272 1707 1380 1768 adver-

164 1826 262 1880 setur.
284 1821 364 1879 Nam
391 1819 548 1897 quidquid
576 1819 614 1880 de
629 1821 809 1882 vernaculis
832 1819 1033 1880 sermonibus
1061 1817 1252 1896 germanicis
1271 1815 1378 1886 sentit,
1420 1851 1421 1856 κ

165 1925 251 1987 idem
269 1925 307 1986 de
330 1927 457 2002 italicis
472 1925 511 1986 de
523 1927 760 2007 francogallicis
782 1929 961 2005 profitetur,
974 1931 1005 1986 et
1030 1942 1234 2002 rerumquae
1256 1922 1296 1983 ad
1317 1923 1378 1981 lin-

167 2051 246 2112 guas
261 2034 422 2111 pertinent
432 2033 672 2094 nniversitatem
687 2035 868 2114 amplexus,
885 2033 923 2094 de
938 2033 1062 2094 ratione
1079 2037 1110 2093 et
1138 2029 1377 2101 convenientia,

167 2157 230 2216 qua
245 2139 329 2199 inter
344 2157 376 2200 se
389 2141 547 2218 cujusque
562 2141 701 2200 nationis
715 2141 881 2202 vernaculi
893 2157 1055 2201 sermones
1069 2143 1101 2200 et
1115 2137 1297 2199 communis
1313 2135 1379 2195 cul-

167 2248 230 2306 tior
246 2247 358 2324 lingua
368 2246 522 2325 conjungi
537 2246 684 2320 debeant,
701 2252 821 2308 certam
833 2247 905 2319 sibi,
920 2263 985 2306 non
1007 2245 1138 2304 arbitrio
1156 2248 1212 2304 aut
1232 2241 1377 2314 libidine,

167 2353 223 2412 sed
238 2353 484 2432 investigatione
495 2358 526 2414 et
538 2354 745 2432 experientia,
769 2371 919 2415 normam
935 2351 1113 2424 constituit,
1125 2351 1162 2410 de
1179 2368 1242 2429 qua
1263 2349 1378 2409 inloto

168 2477 263 2536 opere
275 2477 342 2520 non
357 2459 513 2519 discessit.
1269 2457 1270 2460 ’

205 2566 326 2642 ltaque,
344 2565 421 2625 dum
443 2565 645 2626 Ronsardum
666 2567 951 2639 officiosissimum,
968 2571 1005 2626 ut
1025 2569 1094 2625 erat
1120 2566 1199 2642 ipse,
1220 2565 1378 2643 cujusque

167 2672 330 2732 vernaculi
344 2672 500 2733 sermonis
511 2673 649 2732 amicum
659 2672 862 2746 laudat,eum
877 2679 989 2734 contra
1000 2673 1206 2734 vehementer
1219 2673 1380 2751 vituperat

167 2776 367 2851 suadentem,
379 2783 416 2838 ut
430 2779 553 2838 aulicae
569 2780 698 2857 linguae
713 2779 910 2841 misceantur
923 2798 1034 2840 omnes
1044 2781 1235 2842 vernaculae
1250 2781 1378 2842 dialecti

167 2889 198 2943 et
216 2889 350 2944 cunctae
376 2884 519 2962 undique
542 2886 724 2963 promiscue
748 2892 780 2947 et
799 2887 969 2948 indiscrete
994 2894 1189 2966 usurpentur
1206 2889 1259 2968 (3).
1276 2889 1379 2962 Quam

167 2990 251 3050 cauti
268 2994 299 3049 et
313 2989 407 3069 rigidi
420 2990 487 3068 jam
503 2991 536 3050 in
552 3009 588 3051 eo
606 2990 791 3053 discrimine
805 2993 925 3053 suerint
943 2995 1046 3054 Latini
1058 3000 1237 3072 opportune
1259 3003 1377 3070 monet,

167 3095 345 3156 deGraecis
367 3102 475 3157 autem
501 3101 584 3158 recte
611 3099 845 3173 animadvertit,
873 3101 1120 3161 humanioribus
1147 3101 1276 3180 quidem
1304 3104 1379 3163 viris

167 3203 324 3281 cujusque
338 3203 444 3281 stirpis
460 3204 613 3266 dialectos
636 3207 670 3266 in
685 3208 835 3285 operibus
852 3207 918 3268 suis
945 3226 1100 3286 usurpare
1120 3209 1167 3268 fas
1196 3212 1306 3285 luisse,
1324 3212 1379 3272 sed

167 3311 272 3371 hocin
283 3312 478 3371 carminibus
490 3316 617 3373 tantum
629 3313 728 3374 fuisse
744 3331 934 3375 concessum
948 3320 979 3374 et
992 3333 1028 3375 ea
1037 3311 1168 3393 insuper
1177 3318 1377 3393 conditione,

167 3423 202 3478 ut
215 3419 378 3478 variarum
393 3418 603 3479 dialectorum
615 3421 706 3480 nulla
721 3420 944 3481 admitteretur
956 3423 1103 3494 rnixtura,
1114 3421 1273 3500 adscripta
1287 3426 1378 3501 qnasi

166 3525 282 3602 cuique
298 3541 432 3602 poeseos
447 3526 555 3603 generi
566 3527 723 3604 peculiari
737 3545 795 3587 sua
807 3527 944 3587 dialecto
962 3525 1014 3605 (l).

207 3633 264 3692 llic
274 3649 385 3692 rursus
399 3632 497 3692 luerit
521 3637 605 3693 certe
632 3634 723 3696 loeus
742 3634 925 3712 inquirendi
942 3638 972 3693 et
997 3635 1217 3712 comparandi,
1232 3637 1309 3712 quid
1334 3639 1372 3698 de

1305 3833 1372 3840 ..ι-

201 3935 235 4003 (l)
253 3936 329 4000 loia,
346 3941 467 3990 tta-itta.
479 3964 507 3977 -
518 3937 677 3990 Schottelius
690 3951 797 4005 quoque
809 3936 932 3989 Mioraelii
948 3936 1156 4002 querelasreiert
1170 3943 1197 3989 et
1210 3953 1288 4005 saepe
1301 3939 1380 4005 liujus

168 4033 314 4084 sententiae
327 4037 421 4084 auctor
433 4032 499 4084 lalso
514 4036 555 4084 est
567 4032 683 4084 babitus.

199 4128 237 4187 (2)
255 4128 478 4194 Laurembergius
491 4128 661 4180 vehementer
675 4141 781 4192 vanam,
794 4131 825 4179 ut
837 4128 910 4188 dicit,
924 4141 1014 4179 corum
1025 4131 1176 4194 opinionem
1190 4131 1320 4196 increpet,
1333 4135 1379 4196 qui

167 4222 326 4274 conoendere
339 4223 438 4274 audent
452 4223 554 4275 nullum
566 4225 622 4276 viro
637 4223 714 4276 docto
729 4223 840 4290 dignum
857 4237 924 4288 opus
940 4226 988 4274 nisi
1004 4227 1138 4289 superiore
1153 4229 1305 4291 germanico
1318 4243 1376 4278 ser-

168 4330 245 4368 mone
257 4317 336 4368 scribi
350 4331 438 4383 possa.
453 4318 491 4370 Cf.
505 4319 564 4384 ejus
577 4321 685 4371 satiram
700 4334 707 4368 ε
727 4319 779 4368 Van
794 4317 965 4368 almodiscter
978 4319 1062 4368 Poc'sie
1072 4319 1127 4369 und
1137 4319 1224 4370 itimen
1242 4321 1291 4384 (ed.
1308 4324 1375 4386 Lap-

168 4411 298 4478 penberg‚
314 4427 341 4478 p.
356 4415 458 4480 al-ra).

200 4506 237 4574 (8)
259 4505 329 4570 Uet,
343 4509 403 4559 iel.

201 4599 238 4670 (l)
256 4597 333 4664 idid..
349 4604 409 4653 tlt.
