3446 5452
818 559 1029 632 -180-

322 707 523 782 sodalitates;
540 713 571 768 at
586 725 708 782 omnes,
719 713 774 770 aut
786 725 885 788 prope
899 725 1020 782 omnes,
1033 709 1119 770 brevi
1132 710 1279 770 interiere
1293 727 1354 770 neo
1368 711 1527 770 tantulum

320 815 471 892 prodesse
494 817 665 876 valuerunt
683 817 739 894 (l).
764 817 834 893 lpsa
849 815 1063 876 Berolinensis
1085 815 1268 886 Academia,
1289 816 1440 876 Leibnitii
1457 834 1532 876 con·

322 925 394 984 silio
413 928 445 983 et
466 923 617 1000 auspiciis
636 922 776 995 condita,
799 923 880 983 nihil
905 928 960 983 aut
980 928 1064 983 certe
1086 939 1198 1001 parum
1225 925 1354 1002 linguae
1377 925 1528 996 contulit3

321 1031 383 1092 luit
409 1031 493 1091 enim
521 1029 672 1108 aprimis
700 1030 799 1090 initiis
820 1036 851 1091 et
880 1049 981 1108 usque
1010 1030 1049 1091 ad
1076 1037 1184 1091 nostra
1210 1034 1355 1110 tempora
1379 1033 1532 1094 remansit

321 1137 555 1218 propemodum
571 1139 665 1200 unice
681 1139 893 1200 scientiarum
909 1137 1080 1200 Academia
1098 1139 1152 1218 (2).

362 1249 425 1309 Nec
447 1247 554 1308 minus
581 1247 687 1308 lucide
711 1251 818 1308 tamen
847 1265 942 1324 quam
973 1246 1150 1307 Leibnitius
1176 1248 1334 1308 intellexit
1360 1247 1532 1308 Morbolius

322 1356 433 1434 quanti
453 1355 534 1416 soret
550 1354 714 1426 momenti,
737 1355 762 1414 si
784 1355 902 1432 sparsis
926 1371 982 1431 per
1002 1357 1101 1413 totam
1121 1353 1323 1414 Germaniam
1339 1353 1416 1412 viris
1432 1352 1532 1414 doctis

322 1479 406 1522 unus
428 1462 539 1522 saltem
563 1461 768 1538 praeberetur
795 1459 897 1530 locus,
924 1460 979 1520 ubi
1003 1465 1192 1520 cunctorum
1218 1459 1335 1533 studia,
1362 1461 1534 1539 investiga·

321 1567 424 1627 tiones
446 1573 476 1627 et
496 1567 673 1626 tentamina
693 1567 784 1644 quasi
807 1566 1076 1644 conglobarentur
1101 1571 1132 1626 et
1159 1571 1407 1639 summarentur‚
1434 1585 1535 1644 quan·

322 1680 455 1753 tumque
470 1675 620 1734 universa
632 1661 800 1750 proliceret
813 1673 957 1745 scientia,
975 1673 999 1732 si
1016 1672 1167 1732 omnibus
1187 1673 1350 1734 communi
1367 1690 1405 1734 ao
1424 1679 1534 1735 mutuo

323 1783 406 1841 inter
421 1799 453 1841 se
467 1781 712 1860 cogitationum,
734 1779 939 1850 inventionis,
955 1777 1120 1840 doctrinae
1136 1779 1328 1840 commercio
1350 1780 1396 1838 uti
1414 1779 1532 1840 liceret.

323 1890 432 1966 ltaque
447 1905 513 1948 non
528 1888 596 1948 sine
612 1885 769 1948 desiderio
789 1885 985 1962 invidiaque,
1005 1892 1041 1946 ut
1062 1891 1173 1964 postea
1193 1887 1381 1957 Leibnitius,
1399 1887 1534 1948 Galliam

322 1995 476 2068 intuetur,
500 1993 664 2055 communi
694 1993 767 2054 sede
794 2009 831 2053 ac
854 1992 941 2053 sonte
966 1993 1082 2054 mentis
1112 1993 1300 2072 praeditam,
1329 1994 1535 2072 similemque

322 2103 509 2164 Germaniae
533 2101 716 2180 contingere
732 2104 832 2178 optat,
849 2100 1056 2161 vehementer
1074 2104 1217 2177 questus,
1239 2100 1325 2178 quod
1342 2100 1534 2163 indistricta

322 2209 477 2270 hactenus
496 2227 553 2288 per
572 2212 619 2269 tot
638 2207 779 2268 diversas
800 2207 955 2268 sactiones
978 2211 1153 2285 gentesque
1177 2210 1208 2267 et
1229 2206 1400 2268 hominum
1421 2208 1533 2269 condi-

321 2317 425 2377 tiones
440 2334 476 2376 ac
491 2315 664 2376 sententias
678 2314 782 2392 patria
801 2314 893 2374 nulla
908 2312 1068 2391 ejusmodi
1090 2314 1243 2374 constitui
1260 2315 1370 2392 possit.

361 2424 503 2484 bGallia
516 2421 729 2483 nibilominus
745 2419 867 2498 aliquid
890 2419 955 2480 buc
974 2419 1094 2480 iaciens
1114 2420 1281 2480 commode
1304 2419 1423 2480 assumi
1439 2438 1532 2499 posse

322 2539 430 2592 censet
455 2535 496 2604 et,
522 2531 547 2590 si
566 2533 672 2590 cetera
692 2527 853 2600 deficiant,
874 2526 937 2587 hoc
959 2527 1070 2586 saltem
1100 2525 1242 2588 studiose
1265 2528 1417 2606 postulat,
1443 2532 1478 2588 ut
1502 2529 1534 2589 in

322 2637 491 2700 Germania
510 2635 696 2714 Ephemeris
712 2634 871 2712 quaedam
886 2632 1054 2705 condatur,
1072 2635 1160 2711 operi
1182 2634 1268 2712 quod
1282 2635 1472 2714 inscriptum
1489 2641 1534 2696 est

321 2741 456 2804 Journal
482 2740 533 2802 dos
557 2739 690 2802 Savmrts
715 2741 904 2812 consimilis,
924 2743 1020 2818 atque
1040 2739 1109 2818 ejus
1136 2739 1331 2802 lineamenta
1356 2741 1408 2802 his
1431 2743 1534 2804 verbis

322 2849 491 2911 describit:
509 2873 524 2904 «
540 2850 611 2910 lam
624 2851 688 2910 llll.
709 2846 943 2926 propemodum
961 2847 1035 2907 anni
1054 2852 1138 2918 sunt,
1164 2865 1236 2908 cum
1263 2848 1438 2910 consilium
1452 2867 1534 2910 non-

321 2955 443 3015 nemini
469 2954 717 3032 suppeditarem
744 2958 779 3014 ut
803 2953 938 3032 singulis
968 2953 1078 3013 saltem
1111 2954 1274 3015 mensibus
1299 2955 1345 3034 (ut
1372 2957 1405 3016 in
1440 2957 1535 3017 rebus

320 3061 462 3139 politicis
474 3061 540 3122 fieri
558 3059 651 3138 solet)
669 3060 772 3120 varias
789 3059 826 3118 de
849 3061 944 3119 rebus
962 3060 1112 3121 litorariis
1123 3078 1162 3120 ex
1174 3064 1241 3122 tota
1258 3063 1384 3141 Europa
1400 3066 1535 3143 conqui-

321 3168 397 3227 sitas
420 3167 591 3227 relationes
612 3165 802 3243 publicaret,
823 3183 901 3226 usus
916 3183 1026 3226 eorum
1044 3184 1151 3244 opera,
1176 3169 1292 3245 quibus
1313 3187 1465 3249 magnum
1487 3177 1535 3233 est

321 3292 393 3336 oum
420 3274 497 3334 viris
516 3273 696 3334 celebribus
719 3272 883 3334 literarum
909 3275 1158 3348 commercium;
1185 3276 1271 3353 quod
1293 3295 1359 3338 non
1380 3278 1419 3338 ad
1435 3278 1534 3341 libros

320 3385 457 3453 tantum,
480 3379 535 3441 sed
551 3384 581 3440 et
603 3379 641 3440 ad
659 3380 768 3440 omnia
784 3380 922 3459 cogitata
938 3385 968 3440 ct
983 3380 1113 3441 inventa
1128 3381 1272 3461 aliasque
1291 3383 1442 3446 historias
1462 3387 1534 3448 lite-

320 3488 419 3548 rarias
436 3486 564 3548 extendi
578 3488 696 3548 vellem
713 3511 727 3542 »
745 3485 800 3566 (3).

359 3593 451 3667 Quod
476 3598 544 3655 erat
571 3595 604 3654 in
632 3593 714 3654 votis
743 3598 896 3672 tantoque
932 3593 1038 3654 studio
1067 3595 1244 3674 flagitatum
1277 3616 1429 3678 prospero
1460 3619 1534 3664 mox

319 3883 415 3942 cetera,
437 3882 500 3936 illud
524 3889 614 3936 notare
628 3887 715 3949 liceat,
732 3889 802 3954 quod
820 3887 959 3940 Pruscbius
975 3903 1045 3940 anno
1062 3893 1125 3942 1680
1149 3896 1308 3957 conceperat
1331 3895 1357 3943 et
1373 3907 1426 3960 quo
1441 3894 1535 3946 ambae

318 3976 552 4044 conjungebantur
574 3981 671 4046 egendi
689 3984 804 4034 rationes
826 3996 842 4034 a
866 3983 991 4036 Morbolio
1013 3987 1040 4036 et
1063 3984 1194 4037 Leibnitio
1214 3989 1330 4052 optatae,
1352 3987 1453 4040 scilicet
1475 3988 1534 4042 binc

320 4073 407 4122 velera
419 4071 579 4126 documenta
591 4074 678 4137 edere,
694 4075 765 4128 illinc
783 4079 971 4129 Dictionarium
985 4081 1012 4130 et
1026 4079 1227 4132 vernacularum
1241 4093 1335 4134 vocum
1350 4084 1446 4135 bexica
1459 4096 1532 4136 com·

319 4178 426 4229 ponere.

350 4262 385 4325 tl)
402 4262 458 4312 Una
472 4261 582 4314 tortasse
603 4263 652 4316 luit
671 4266 789 4316 Societas
804 4265 875 4318 dictu
889 4267 1089 4318 leutsclrribemle
1102 4270 1285 4336 Gesellsclmst,
1304 4285 1373 4337 uuae
1387 4273 1527 4337 perbreve

319 4356 443 4420 temporis
455 4357 581 4421 spatium,
595 4355 662 4410 duce
674 4359 852 4421 Gottscberlio.
870 4359 969 4427 aliquid
985 4361 1092 4427 majoris
1108 4366 1232 4415 momenti
1248 4367 1419 4430 praestiterit.

352 4448 387 4515 (2)
407 4451 441 4501 lle
453 4450 599 4502 tradentis
615 4451 699 4504 fusius
718 4454 823 4505 disserit
846 4453 989 4507 llcrboflus
1006 4457 1030 4506 in
1046 4456 1214 4520 Polybirtore,
1229 4459 1256 4510 Τ.
1269 4460 1289 4516 Ι.
1307 4459 1363 4512 bib.
1379 4473 1397 4522 r,
1408 4473 1469 4527 esp.
1486 4466 1527 4513 ll.

351 4543 387 4610 (³)
407 4543 563 4608 l'olplu'stor,
576 4547 603 4598 Τ.
621 4545 640 4606 1,
659 4547 713 4598 Lib.
733 4563 749 4608 ι.
765 4561 823 4616 esp.
841 4553 880 4610 lo,
895 4550 909 4614 fi
927 4553 968 4601 ³³.
