3446 5452
826 577 1039 650 -lee-

317 730 391 792 dan.
413 727 493 810 ruffe
513 731 617 808 (sovn)
636 733 690 804 (l);
714 732 768 791 lat.
792 728 893 811 pirus,
914 745 1015 808 germ,
1037 726 1122 786 birsae
1144 729 1212 801 (lm
1242 729 1296 788 lat.
1320 745 1402 808 pro,
1424 741 1529 804 germ.

319 856 383 896 ver·
401 839 456 912 (3).

358 942 443 1022 tuq.
461 942 523 1004 Bh
536 941 578 1022 [l]
592 941 674 1022 (Gr.
691 937 718 996 Φ
734 941 820 1004 bat.
838 941 894 1019 P).
924 959 946 1000 ε
975 942 1106 1004 Germ.
1125 940 1167 1002 Β.
1182 972 1220 984 -
1239 941 1306 1000 Lat.
1321 939 1410 1020 flore,
1425 955 1530 1016 germ.

319 1047 443 1124 blaseo3
462 1050 516 1109 lat.
532 1049 598 1130 flor,
613 1048 676 1108 bat.
695 1045 818 1108 bloeeeeo
833 1051 889 1122 (lt.

361 1153 445 1236 qu.
461 1155 682 1218 B=Germ.
706 1152 1099 1234 P(Aud.1³‚1³l,r.).
1123 1189 1160 1198 -
1183 1155 1248 1215 bat.
1274 1151 1400 1226 latiam,
1427 1169 1532 1232 germ.

322 1260 407 1344 lippe
422 1263 475 1340 (5).
1381 1267 1386 1280 ’

361 1369 429 1427 Non
443 1367 486 1426 ita
499 1383 583 1426 nova
597 1363 728 1445 quidem
756 1365 795 1428 de
810 1383 846 1427 ea
870 1366 1100 1428 mutandarum
1128 1367 1375 1428 consonantium
1397 1365 1534 1438 ratione,

322 1490 417 1552 quam
438 1489 526 1532 nunc
541 1473 673 1532 alteram
684 1469 982 1554 loutoereehiehuop
995 1476 1121 1543 vocant,
1135 1472 1287 1533 hlorholro
1304 1472 1414 1533 allerre
1430 1471 1536 1532 licuit.

321 1582 464 1656 Namque
492 1579 574 1638 inter
602 1595 634 1638 se
658 1581 727 1638 tum
756 1578 933 1652 vocalibus,
949 1584 1019 1639 turn
1042 1579 1249 1657 potissimum
1273 1579 1531 1639 consonantibus

323 1686 550 1766 longcdillerre
564 1684 729 1746 inferiores
743 1690 773 1745 et
793 1686 973 1764 superiores
989 1685 1175 1747 Germaniae
1194 1686 1383 1746 vernaculas
1407 1685 1538 1764 linguas

322 1794 499 1855 Germanus
510 1793 646 1870 quisque
659 1793 727 1870 jam
745 1790 818 1851 inde
839 1792 1094 1852 eremelissimis
1108 1793 1307 1870 temporibus
1321 1793 1415 1871 plane
1431 1808 1532 1852 nove-

323 1907 382 1974 rat,
394 1905 425 1961 et
437 1899 594 1960 Aventino
610 1899 642 1957 iu
655 1899 760 1976 priore
771 1896 845 1959 XVl¹
858 1899 977 1960 saeculi
993 1905 1081 1976 parle
1092 1897 1270 1958 describere
1281 1897 1422 1976 primunr
1434 1897 1541 1957 susci-

325 2007 436 2086 pienti,
454 2006 570 2083 quibus
587 2005 681 2064 rebus
698 2006 876 2083 utrumque
889 2002 1101 2065 dialectorum
1125 2021 1226 2082 genus
1245 2003 1283 2064 ab
1299 2003 1399 2063 altero
1416 2002 1541 2063 discre-

324 2118 425 2192 paret,
438 2113 519 2172 nihil
538 2113 607 2190 jam
622 2110 711 2172 aliud
726 2127 855 2171 necesse
884 2110 999 2183 fueret,
1025 2128 1123 2188 quam
1138 2115 1174 2170 ut
1189 2126 1270 2189 quae
1295 2109 1386 2188 quasi
1415 2109 1540 2187 publici

326 2226 432 2281 essent
443 2219 526 2299 juris
541 2218 706 2296 colligeret
721 2222 752 2277 et
764 2217 814 2276 bis
827 2216 929 2276 verbis
940 2233 979 2276 ex
992 2216 1102 2276 ordine
1118 2221 1319 2276 enumeraret
1336 2233 1342 2276 :
1362 2239 1376 2269 o
1394 2213 1443 2275 Ph
1458 2232 1545 2293 spre-

327 2326 471 2389 ehendie
485 2324 744 2386 Hoehteutschen
757 2323 916 2402 groham,
932 2323 979 2383 als
1003 2341 1083 2383 wers
1092 2322 1150 2405 ps;
1179 2322 1229 2383 die
1252 2322 1393 2384 Sachsen
1408 2323 1469 2383 wie
1488 2322 1542 2384 die

328 2433 483 2495 Griechen
498 2432 587 2493 recht
613 2432 660 2491 als
676 2429 761 2490 denn
777 2447 853 2510 seyn
871 2430 942 2490 soll.
963 2428 1198 2490 Niederlrender
1211 2428 1408 2510 brauchenp
1431 2429 1542 2502 allein,

329 2558 378 2601 wo
396 2540 451 2600 das
463 2538 622 2602 Oberland
636 2537 680 2618 ps
688 2537 753 2610 hat,
766 2534 869 2610 Palla,
883 2533 1001 2616 Psalle,
1020 2533 1143 2616 Pserdl,
1161 2533 1266 2612 Perdi,
1284 2532 1385 2615 Psess,
1407 2532 1542 2615 Pcff...;

332 2653 342 2706 l
364 2647 468 2707 haben
487 2646 537 2706 die
561 2645 701 2706 Sachsen
715 2659 764 2705 wo
781 2642 831 2704 die
855 2643 975 2704 andern
995 2644 1198 2704 Teutsehens
1227 2643 1343 2718 haben,
1361 2643 1445 2704 nach
1470 2642 1546 2706 dem

330 2753 552 2834 griechischen
565 2752 700 2824 Brauch
721 2748 920 2831 Witleoberp,
936 2747 1153 2832 Wesenberg,
1171 2747 1298 2824 Walter,
1322 2747 1442 2811 Warser
1458 2774 1472 2805 o
1487 2752 1543 2831 (6).

331 2860 482 2922 Eaurdem
507 2860 639 2936 insuper
664 2856 883 2919 conditionem
910 2857 1102 2936 germanicis
1134 2856 1278 2920 dialectis
1307 2857 1546 2936 antiquissimis

330 2967 530 3045 temporibus
555 2965 654 3026 luisse
674 2969 780 3026 vetera
799 2963 913 3026 indies
938 2965 1037 3044 magis
1054 2982 1090 3026 ac
1103 2966 1204 3045 magis
1220 2967 1335 3026 ellossa
1350 2965 1548 3029 documenta

332 3073 489 3135 docebant
501 3077 542 3145 et,
558 3075 692 3133 exeunte
709 3071 822 3132 eodem
837 3072 977 3144 saeculo,
993 3073 1177 3133 Pancratius
1192 3071 1419 3135 Castricomius
1435 3074 1468 3134 in
1485 3073 1548 3136 Ob-

333 3180 567 3242 servalionibus
593 3179 660 3239 suis
692 3175 861 3240 Willeromi
889 3179 1118 3256 libelloquem
1135 3167 1254 3241 Merula
1279 3178 1550 3242 edendumcura·

333 3294 431 3363 verat,
448 3287 631 3368 praemissis
646 3285 934 3358 animadvertebat,
960 3285 992 3346 in
1013 3303 1159 3347 sermone
1186 3284 1445 3348 Allhochdeulsch
1462 3287 1550 3350 dicto

335 3397 366 3458 lli
379 3402 410 3458 et
425 3412 628 3468 succurrere,
644 3411 719 3455 cum
731 3393 897 3454 inferiores
913 3390 1071 3453 dialectid
1086 3397 1116 3453 et
1129 3399 1140 3453 t
1155 3393 1341 3455 exhiberent
1352 3398 1393 3468 et,
1410 3393 1551 3474 exempli

334 3505 447 3584 gratia,
459 3502 615 3581 superiori
635 3502 704 3562 voci
718 3499 812 3561 thicco
827 3501 1012 3562 interiorem
1028 3499 1124 3575 dicire,
1141 3501 1298 3582 superiori
1314 3519 1402 3563 ruore
1416 3499 1552 3564 interio-

335 3630 403 3674 rem
420 3617 504 3672 suole
519 3607 710 3688 respondere
723 3606 777 3689 (l).

376 3719 438 3784 Sed
463 3718 501 3782 de
526 3718 619 3780 istius
644 3713 876 3796 discrepantiae
890 3711 1012 3796 origine
1040 3715 1123 3778 inter
1145 3711 1287 3778 eruditos
1313 3711 1552 3782 multominus

374 4013 412 4084 (r)
432 4009 502 4079 θη).
517 4015 635 4069 rie-uo.

373 4110 410 4182 (r)
428 4109 506 4176 rem,
522 4113 580 4165 ne.

373 4205 411 4273 (t)
428 4205 505 4273 tere..
520 4209 578 4263 tul.

372 4307 409 4376 (ἦ)
428 4301 503 4369 (Μ,
520 4309 577 4370 tlt,
597 4299 654 4360 mr

374 4400 410 4474 tt)
430 4395 505 4468 llll..
518 4405 576 4458 rte.

375 4499 411 4568 (e)
429 4501 477 4572 lp.
495 4499 619 4566 baumer.
634 4490 677 4557 u.

377 4595 414 4682 m
432 4588 507 4668 lul..
526 4595 567 4654 er.
