3446 5452
689 706 732 734 fi.
759 661 818 752 99
840 704 879 734 Δ

174 819 334 912 qtlaadam
348 829 516 910 praecepta
540 819 741 907 inquirendis
766 830 967 909 etymologiis
989 817 1229 909 tractandisque
1245 818 1390 910 philosod

172 942 279 1020 phicis
294 940 333 1000 de
349 939 478 1017 eloquio
501 937 744 1016 quaestionibus
761 936 953 997 adhibuerit.

215 1049 359 1124 Namque
384 1047 467 1105 inter
491 1044 619 1116 multas
648 1061 728 1122 quas
753 1043 791 1104 de
817 1043 1013 1123 etymologia
1036 1045 1169 1105 solerter
1198 1047 1394 1122 plerumque

177 1154 339 1226 describit,
365 1176 379 1208 α
394 1151 532 1230 Regulos
549 1174 577 1222 o,
599 1150 683 1211 hanc
701 1149 840 1228 primam
862 1167 899 1210 ac
920 1150 1124 1227 potissimam
1147 1151 1250 1228 ponit,
1275 1169 1293 1210 a
1316 1152 1396 1210 ilor-

176 1259 276 1332 hoho,
294 1263 328 1319 ut
342 1276 400 1336 par
412 1261 490 1330 erat,
515 1273 674 1334 propenso
690 1256 799 1316 animo
822 1261 989 1334 exceptam
1009 1261 1040 1317 et
1058 1257 1092 1316 in
1106 1255 1305 1316 Institutione
1327 1273 1395 1315 ma-

177 1366 294 1445 gnifice
319 1362 482 1424 laudatam
508 1367 539 1422 ct
568 1361 664 1422 latius
688 1362 892 1440 explicatam,
919 1367 956 1422 ut
983 1387 998 1418 «
1025 1364 1212 1424 Germanica
1236 1362 1396 1423 vocabula

178 1472 268 1550 prius
297 1476 327 1530 et
352 1470 461 1549 potius
494 1485 510 1528 c
544 1469 753 1541 Germanicia,
781 1486 880 1546 quarn
913 1487 929 1529 e
957 1471 1133 1548 peregrinis
1168 1469 1341 1530 derivanda
1377 1491 1392 1524 »

179 1581 354 1656 assentit).
372 1578 476 1648 Quam
490 1580 527 1636 ut
541 1580 671 1648 rectam,
690 1576 734 1635 ita
747 1575 879 1635 omnino
892 1593 1008 1636 novam
1023 1575 1208 1653 inquirendi
1222 1576 1392 1649 rationem,

180 1686 219 1746 ab
236 1684 410 1746 Henisehio
423 1685 492 1762 jam
506 1700 563 1760 pro
583 1687 672 1761 parte
695 1682 839 1756 tortasse,
862 1681 917 1742 sed
937 1683 1092 1743 instinctu
1113 1683 1216 1760 magis
1236 1699 1334 1760 quam
1359 1699 1398 1740 ex

179 1791 358 1870 proposito,
376 1789 566 1861 adhibitam,
590 1787 763 1848 Morhofius
783 1805 850 1848 non
869 1792 1005 1866 poterat,
1022 1789 1101 1866 quin
1122 1793 1190 1848 toto
1205 1789 1314 1850 animo
1330 1807 1396 1848 am-

179 1899 392 1976 plecteretur:
415 1913 481 1955 non
502 1899 607 1972 potest
627 1895 725 1974 igitur
742 1894 908 1972 defatigari
923 1895 1137 1972 praedicando
1153 1900 1272 1974 quanta
1290 1897 1389 1956 animi

181 2005 251 2066 acie
275 2019 438 2080 quamque
465 2001 575 2060 subtili
600 2001 729 2079 iugenio
753 2000 917 2077 praeditus
943 2002 1040 2061 luerit
1059 2006 1169 2062 auctor
1196 2006 1251 2084 aut
1275 2003 1388 2080 quanti

182 2109 339 2170 momenti
356 2109 397 2167 sit
411 2107 450 2168 ad
466 2107 651 2186 erigendam
670 2107 855 2185 linguarum
871 2106 1049 2167 doctrinam
1064 2109 1135 2186 ejus
1158 2108 1216 2166 Ars
1231 2105 1394 2188 Etymcto-

181 2215 253 2296 pice
268 2215 322 2294 (2),
340 2213 379 2274 de
394 2231 458 2291 qua
471 2213 551 2273 haec
574 2214 608 2272 in
622 2210 818 2293 Polyhistore
839 2213 935 2273 dicit:
961 2237 975 2268 «
1004 2215 1144 2291 Exiguus
1163 2214 1221 2273 ¹ille
1237 2213 1392 2285 liberast,

183 2327 215 2382 et
227 2323 339 2382 breves
351 2318 574 2380 tantummodo
586 2321 624 2378 22
638 2319 764 2396 regulas
778 2320 1046 2396 complectens..;
1062 2323 1111 2378 ast
1120 2337 1194 2379 vero
1208 2325 1274 2380 tarn
1285 2319 1398 2381 doctus

179 2429 251 2501 ille,
268 2433 398 2504 tamque
413 2427 446 2486 in
462 2426 547 2498 crisi,
563 2443 661 2503 quam
677 2424 817 2499 adhibet,
830 2432 955 2508 ἀκριβής,
965 2431 1003 2486 ut
1017 2445 1091 2486 curn
1106 2428 1271 2506 scaligeri,
1282 2430 1398 2502 Vossii,

187 2534 348 2595 Sanctiive
360 2533 445 2592 circa
458 2532 591 2591 latinam
605 2532 750 2609 linguam
764 2532 928 2592 laboribus
944 2533 1095 2609 componi
1110 2550 1203 2609 posse
1219 2534 1295 2592 alibi
1311 2533 1399 2594 haud

185 2641 349 2700 immerito
377 2658 395 2698 a
416 2638 508 2698 nohis
533 2642 691 2698 assertum
718 2639 759 2697 sit
783 2661 798 2692 »
822 2638 877 2718 (3).
901 2641 1009 2715 Neque
1031 2639 1101 2716 ejus
1132 2640 1247 2698 merita
1269 2640 1396 2699 meliori

185 2752 377 2826 argumento
393 2747 427 2806 iu
443 2748 549 2805 lucem
563 2745 698 2822 proferri
720 2762 814 2822 posse
836 2746 1042 2821 existimavit,
1066 2763 1164 2823 quarn
1191 2746 1217 2805 si
1236 2746 1295 2806 has
1318 2747 1401 2806 XXII

186 2855 315 2932 regulas
337 2853 371 2912 in
394 2851 593 2912 Institutione
608 2850 646 2911 de
663 2852 786 2930 integro
811 2856 975 2929 excerptas
997 2850 1086 2913 daret
1110 2856 1173 2931 ild:
1196 2852 1402 2930 providenter

187 2961 321 3040 quidem
346 2964 376 3020 et
400 2962 578 3036 opportune
601 2959 756 3031 omniuo;
784 2976 861 3018 nam
876 2959 1056 3036 Claubergii
1083 2961 1289 3038 opuseulum,
1318 2979 1402 3023 anno

188 3069 265 3130 1663
281 3067 453 3145 Duisburgl
470 3066 591 3126 editum
617 3067 668 3144 (5),
694 3082 862 3142 perrarum
884 3066 953 3144 jam
970 3083 1054 3126 anno
1081 3068 1158 3127 1682
1174 3072 1242 3127 erat
1256 3068 1400 3141 lactum3

223 3341 259 3406 (r)
278 3343 349 3405 unt,
364 3345 424 3394 rar.

222 3437 257 3502 (2)
275 3439 331 3489 'l'oti
353 3437 459 3503 quidem
486 3439 634 3506 Claubergii
660 3439 796 3492 doctrinae
820 3440 963 3494 llorhollus
985 3455 1036 3494 non
1064 3445 1121 3494 sine
1139 3444 1221 3496 multa
1245 3444 1403 3511 exceptione

189 3535 333 3585 assentitur
345 3535 371 3584 at
388 3533 509 3598 pluribus
529 3535 701 3585 Institutione
723 3534 767 3602 (cl.
783 3539 938 3600 praesertim
954 3541 1000 3587 iti
1016 3541 1040 3588 et
1058 3536 1116 3604 tre)
1134 3539 1198 3590 locis
1210 3539 1242 3590 de
1258 3540 1401 3602 nonnullis,

190 3627 321 3694 quaesibi
335 3629 423 3678 minus
436 3627 539 3693 placore
552 3629 700 3694 profitetur,
717 3633 887 3696 argutissime
901 3633 1029 3697 disputat,
1045 3637 1075 3683 ut
1092 3646 1153 3685 mox
1168 3634 1315 3700 apparebit.

223 3723 261 3788 (3)
278 3724 435 3789 Potqtr'rtor,
449 3725 477 3775 T.
494 3726 514 3786 1,
528 3725 584 3776 Lib.
599 3728 623 3788 l,
639 3739 699 3791 cap.
714 3730 739 3786 l,
754 3727 769 3790 ἓ
784 3729 809 3777 6.

225 3821 259 3884 (t)
280 3819 351 3881 Uet,
363 3821 484 3870 iti-tei.

226 3911 263 3982 (6)
289 3914 412 3966 iohannis
443 3909 596 3981 Clauderqii
615 3915 665 3966 Are
685 3915 865 3983 litpmcloqica
889 3913 1026 3968 Teutonum
1051 3933 1064 3968 e
1085 3917 1263 3988 Philosophiae
1291 3919 1408 3990 sentabat

193 4010 324 4062 der-iveta.
335 4042 358 4060 ..
369 4042 393 4058 ..
420 4009 527 4060 Deutrci
547 4011 766 4064 conuenientem.
790 4040 820 4050 -
843 4013 986 4081 Duisburgi
998 4016 1031 4067 ad
1046 4017 1177 4081 Rhenum,
1196 4022 1270 4083 1663,
1285 4023 1362 4074 in·8⁰.
1377 4047 1407 4065 ·.-

193 4107 289 4161 Notum
305 4108 345 4158 est
359 4105 407 4159 hoc
422 4106 580 4172 opusculum
600 4121 615 4158 a
641 4107 769 4159 Leihnitio
786 4109 842 4160 suis
860 4109 1030 4162 Collecteeeir
1047 4113 1224 4180 etymologine
1243 4117 1369 4167 insertum
1383 4121 1408 4169 el

194 4197 292 4256 ibidem
307 4199 392 4254 tulum
408 4197 477 4268 typis
488 4196 575 4254 denuo
589 4204 752 4269 exscriptum
763 4217 829 4256 csse.
842 4206 883 4266 ht,
895 4209 1000 4271 preater
1012 4207 1179 4270 llorhoiium,
1195 4223 1264 4260 unus
1277 4211 1410 4263 Eecardus

196 4317 210 4351 ι
232 4315 328 4354 aureas
341 4299 390 4354 hus
404 4301 511 4368 regulas
533 4317 546 4348 a
572 4302 598 4351 in
621 4313 669 4352 sua
690 4299 803 4350 Historia
826 4301 908 4350 studii
929 4302 1096 4368 etymologici
1118 4305 1282 4358 recudendas
1305 4313 1409 4364 curuati

196 4399 232 4464 lp.
244 4399 368 4462 aet-rao)
382 4399 408 4449 et
417 4398 543 4462 excerpta
557 4383 667 4447 tentum
677 4396 818 4462 quaedam,
833 4410 937 4449 summa
952 4398 1058 4464 quidem
1070 4399 1147 4452 laude
1161 4404 1263 4463 ornato,
1279 4403 1410 4458 dederunt

183 4494 345 4562 insequenti
369 4491 475 4546 saeculo
494 4491 680 4546 Gottaobedius
692 4489 835 4558 (Begiroege
853 4503 901 4544 ror
912 4493 1049 4545 critirelreo
1068 4495 1189 4558 lithlenie,
1210 4499 1238 4548 Τ.
1253 4501 1272 4559 l,
1287 4500 1368 4556 staca
1384 4505 1408 4564 ³,

195 4597 222 4664 p.
246 4593 370 4656 tuterit)
390 4592 417 4645 ei
434 4589 606 4644 iicichardius
625 4583 745 4652 (Verruci
767 4591 838 4644 einer
858 4590 971 4644 iiiitorie
987 4591 1033 4646 der
1054 4593 1189 4648 derelictae
1214 4595 1404 4674 spelierunt,

197 4694 223 4772 p·
240 4685 372 4750 lit-att).
