3446 5452
831 591 1038 670 *152-

366 739 504 826 Quaado
518 747 683 829 purganda
698 749 820 829 lingua,
836 749 1032 830 expellendis
1048 747 1184 814 extemis
1203 749 1308 812 verbis
1329 747 1406 811 etin
1421 763 1527 812 eorum

326 857 432 920 locum
454 856 661 937 subjiciendis
678 859 811 920 vocibus
827 877 843 920 e
859 859 1041 939 germanico
1066 857 1165 922 bando
1188 859 1299 933 erutis
1326 859 1445 921 multos
1465 860 1530 939 jam

326 981 426 1028 annos
441 964 585 1027 meditati
601 969 690 1027 erant
713 965 889 1028 doctissimi
909 967 992 1029 inter
1006 967 1179 1028 Germanos
1194 965 1266 1040 viri,
1292 984 1329 1028 ea
1343 971 1422 1029 tunc
1437 965 1531 1028 etiam

325 1074 523 1139 eruditorum
540 1078 661 1136 mentes
675 1076 877 1154 potissimum
892 1075 1119 1148 sollicitabant,
1134 1092 1329 1153 quamquam
1344 1075 1455 1156 negari
1469 1092 1533 1136 non

324 1187 439 1264 potest,
457 1183 590 1244 molesta
609 1188 640 1244 et
659 1183 786 1244 turbida
805 1183 1040 1244 nonnullorum
1063 1182 1231 1243 sedulitate
1246 1181 1332 1242 haud
1349 1183 1382 1242 in
1397 1199 1532 1259 parvum

326 1291 496 1352 discrimen
525 1309 592 1351 esse
621 1290 758 1351 adducta
788 1309 896 1350 eorum
925 1291 1071 1358 consilia,
1103 1291 1156 1368 qui
1190 1291 1395 1368 prudentiore
1425 1291 1532 1353 auimo

324 1404 421 1462 totam
437 1417 565 1477 operam
582 1397 807 1459 restaurandae
823 1398 952 1477 liuguae
968 1389 1135 1476 hueusque
1150 1403 1354 1459 navaverant.

360 1506 450 1578 erac
464 1507 549 1566 enim
572 1506 693 1566 insulse
708 1509 738 1564 et
760 1505 866 1582 inepte
886 1507 941 1566 aut
956 1510 1140 1566 creaverant
1155 1510 1210 1565 aut
1232 1506 1391 1583 ejecerant
1406 1504 1534 1565 Caesius

326 1613 460 1690 ejusque
488 1611 649 1689 discipuli,
673 1629 745 1671 oum
766 1615 953 1688 contemptu
979 1610 1120 1688 quodam
1146 1616 1364 1690 respergerent
1385 1615 1416 1672 et
1437 1629 1534 1690 prope

327 1719 480 1782 ridiculos
501 1719 641 1780 iacerent
663 1719 871 1795 sapientiores
893 1722 1002 1779 tamen
1024 1724 1056 1779 et
1079 1737 1188 1780 revera
1209 1719 1439 1780 moderatiores
1457 1721 1533 1780 Fru-

326 1827 417 1904 giieri
441 1825 587 1886 Sodalitii
612 1831 706 1902 atque
733 1825 845 1902 optimi
870 1826 1028 1903 cujusque
1057 1825 1140 1885 iuter
1168 1825 1292 1886 sodales
1321 1831 1455 1886 conatus
1479 1824 1531 1901 (1),

325 1933 431 1994 studia
443 1950 556 1993 eorum
577 1949 771 2010 magnopere
785 1932 1023 2004 restrinxerant,
1039 1932 1105 2009 qui,
1122 1936 1159 1992 ut
1180 1933 1315 1994 solemni
1336 1951 1373 1994 eo
1391 1938 1532 2010 tempore

325 2040 421 2099 verbo
438 2043 577 2109 utamur,
603 2038 777 2118 «linguam
803 2039 1017 2115 germanicam
1040 2040 1073 2098 in
1091 2039 1259 2116 antiquum
1282 2039 1486 2118 splendorem
1504 2044 1532 2100 et

327 2145 484 2224 integram
498 2145 673 2205 castitatem
692 2167 706 2198 o
723 2144 888 2204 restituere
905 2145 1129 2204 moliebantur.

365 2251 451 2311 Adde
476 2251 561 2328 quod
585 2251 753 2310 satirarum
779 2255 892 2326 poetae
914 2255 976 2310 tam
993 2256 1205 2328 opportunam
1231 2251 1315 2310 risus
1331 2251 1531 2312 occasionem

323 2378 389 2420 non
413 2357 567 2418 mediocri
591 2356 765 2434 cupiditate
789 2357 928 2434 amplexi
954 2360 1053 2429 erant,
1077 2361 1108 2416 et
1138 2356 1244 2416 omnis
1266 2357 1391 2434 generis
1414 2357 1531 2417 salibus

325 2465 542 2526 illudebantur
567 2481 676 2525 eorum
707 2464 844 2540 incepta,
872 2466 983 2540 utpote
1012 2463 1144 2522 couiuse
1174 2479 1211 2522 ac
1239 2462 1375 2522 ridicule
1401 2467 1530 2524 tentata.

325 2572 499 2633 Uberrimis
524 2570 646 2631 facetiis
673 2571 872 2629 lacessebant
898 2569 1256 2639 GrimmelshauseniuS,
1286 2570 1531 2642 Schneuberius

326 2679 482 2755 Logavius
505 2676 739 2753 Racheliusque
759 2681 789 2734 et
812 2676 907 2736 ceteri
932 2676 991 2735 ista
1016 2699 1029 2730 «
1046 2676 1231 2754 grallatoria
1250 2675 1378 2753 ingenia
1396 2700 1423 2749 o,
1443 2681 1478 2737 ut
1499 2695 1533 2737 ea

327 2784 517 2862 Conriugius
533 2782 636 2861 lepide
652 2783 791 2859 appellat
804 2784 859 2856 (ἓ),
878 2799 1015 2859 quorum
1031 2785 1098 2841 tota
1114 2781 1213 2841 virtus
1230 2781 1263 2841 in
1279 2781 1340 2841 hoe
1356 2784 1532 2854 constabat,

325 2893 408 2952 sicut
431 2889 635 2950 Wernickius
663 2889 759 2966 paulo
788 2894 860 2966 post
881 2894 991 2966 argute
1022 2887 1111 2961 dixit,
1139 2893 1175 2948 ut
1195 2912 1209 2943 «
1230 2890 1413 2967 peregrinas
1442 2909 1533 2952 voces

326 2999 433 3058 minus
448 2997 628 3074 germanice
640 2995 848 3055 transferrent
862 3019 877 3048 »
892 2996 946 3070 (3).

365 3102 610 3163 Harsdoertierus
626 3102 704 3178 ipse,
723 3101 826 3177 sopito
850 3101 988 3178 jamdiu,
1003 3119 1067 3178 quo
1092 3102 1175 3162 inter
1198 3102 1379 3180 Frugiferos
1405 3104 1533 3165 Sodales

326 3209 490 3288 quondam
512 3208 664 3280 caluerat,
688 3205 811 3278 ardore,
836 3208 964 3283 quasvis
984 3225 1022 3266 ex
1048 3224 1161 3285 graeco
1187 3209 1236 3268 vel
1266 3209 1366 3268 latino
1388 3227 1534 3272 sermone

328 3317 532 3393 depromptas
558 3331 651 3373 voces
679 3313 814 3391 benigne
836 3317 866 3372 et
886 3313 1060 3373 liberaliter
1081 3313 1258 3390 excipiebat
1276 3314 1331 3391 (l).
1354 3315 1534 3395 Schuppius

326 3427 444 3494 autem,
470 3424 506 3480 ut
533 3437 591 3497 par
618 3423 695 3492 erat,
723 3419 836 3480 eodem
853 3418 1012 3496 «putidos
1045 3419 1184 3496 purioris
1215 3420 1373 3480 sermonis
1401 3426 1535 3483 sectato-

324 3547 373 3591 res
389 3551 403 3583 »
420 3527 462 3605 (5)
472 3528 631 3586 insectans
647 3525 783 3604 flagello,
800 3543 863 3603 quo
879 3548 893 3580 «
908 3525 1016 3585 sutiles
1033 3525 1130 3584 moris
1146 3528 1178 3584 et
1192 3543 1270 3586 usus
1285 3530 1456 3588 sectatores
1470 3529 1534 3607 »(6)

325 3651 429 3716 nuper
444 3633 600 3710 tetigerat,
621 3649 659 3692 eo
681 3636 748 3693 erat
770 3649 968 3710 progressus,
983 3635 1029 3704 ut,
1048 3648 1105 3690 seu
1126 3629 1163 3691 de
1186 3632 1391 3711 expurganda
1413 3634 1533 3713 lingua,

358 3941 394 4007 (l)
412 3937 450 3989 ci.
465 3951 533 4004 quae
543 3937 693 3991 ludovicus
707 3937 832 4004 princeps
846 3939 938 3988 contra
951 3947 1012 3988 eum
1022 3939 1157 3989 asseverat
1169 3951 1212 4004 ap.
1222 3940 1335 4004 lirense,
1348 3942 1396 3992 ixl
1412 3955 1473 4008 sqq.

358 4034 395 4099 (2)
416 4033 485 4092 blut,
503 4036 561 4084 66⁰.

360 4130 397 4192 (3)
415 4130 443 4178 ln
459 4129 656 4193 Epigrammata
678 4128 720 4180 cui
744 4127 837 4178 titulus
860 4129 900 4177 est
915 4143 921 4176 a
938 4128 1004 4178 Eoos
1023 4129 1118 4179 iterum
1137 4131 1254 4181 Maevius
1277 4130 1315 4196 (id
1333 4133 1374 4182 est
1387 4146 1393 4181 :
1408 4132 1533 4192 Caesius),

325 4234 350 4270 v.
368 4224 401 4271 3:
417 4222 488 4272 «dis
503 4235 564 4272 man
579 4199 786 4273 varundeutseoa
802 4220 900 4272 iremde
921 4221 1054 4272 Woertera
1070 4222 1243 4285 (lidrscbners
1258 4225 1380 4276 Deataclaee
1396 4225 1533 4276 Natioaot-

325 4315 458 4375 literalem,
474 4317 502 4365 T.
517 4319 558 4376 39,
571 4330 596 4380 p.
609 4319 676 4376 575).

362 4408 398 4475 (l)
416 4409 454 4460 cf.
466 4410 544 4461 intra.

364 4501 395 4566 (5)
417 4519 430 4551 α
446 4506 492 4555 Die
505 4504 639 4556 Pedanteu
654 4503 700 4554 des
711 4505 847 4556 Purismus
859 4522 885 4557 a.

362 4597 398 4668 (6)
419 4614 432 4652 a
445 4599 491 4656 Die
505 4597 639 4654 Pedantcn
652 4597 698 4654 dor
709 4597 784 4653 Made
796 4615 820 4650 a.
