3462 5452
840 713 880 720 --
909 694 967 739 XIII
998 713 1032 720 ψ

333 846 442 920 ratus,
463 861 555 907 nunc
574 835 616 907 de
633 835 740 907 variis
762 836 901 907 dicendi
913 836 1036 907 formis
1054 824 1159 931 atque
1174 834 1336 930 eligendo
1360 836 1542 932 peculiari,

333 997 396 1068 pro
417 973 589 1068 cujusque
610 969 807 1063 argumenti
825 978 962 1057 natura,
981 968 1148 1041 orationis
1167 992 1295 1063 genere
1313 977 1346 1041 et
1358 970 1545 1042 verborum

333 1106 483 1193 delectu,
500 1128 592 1174 nunc
611 1103 653 1174 de
678 1102 828 1175 diversis
860 1103 1146 1199 usurpandorum
1173 1103 1304 1199 pedum
1340 1109 1373 1174 et
1399 1127 1543 1201 compo-

333 1239 530 1311 nendorum
548 1237 743 1309 carminum
762 1236 878 1307 modis
893 1237 971 1307 tuse
989 1243 1023 1307 et
1040 1237 1139 1308 docte
1160 1235 1304 1308 disserit
1322 1261 1434 1334 eoque
1456 1262 1547 1309 sem-

335 1397 396 1470 per
412 1372 571 1443 instituto
595 1371 723 1490 utitur,
745 1379 783 1442 ut
817 1370 977 1466 neglecta
999 1378 1032 1441 et
1058 1369 1191 1441 omissa
1216 1370 1280 1442 sihi
1313 1396 1395 1467 prae
1420 1372 1545 1443 ceteris

334 1506 523 1602 praecipuo
554 1504 671 1577 studio
706 1505 887 1576 tractanda
917 1511 1046 1593 sumat,
1067 1503 1158 1574 salsa
1179 1503 1328 1592 refellat,
1360 1503 1487 1575 vitiosa
1513 1512 1545 1575 et

336 1664 460 1711 manca
475 1638 639 1710 emendet
654 1662 694 1708 ao
715 1636 888 1732 suppleat,
910 1660 1000 1709 nova
1015 1636 1158 1707 tandem
1172 1635 1287 1707 omnis
1306 1635 1446 1730 generis
1467 1659 1548 1707 con-

336 1770 426 1860 silia,
452 1769 697 1842 reformandae
718 1776 752 1839 et
774 1767 951 1839 ornandae
981 1768 1122 1862 linguae
1157 1767 1354 1863 protutura,
1388 1775 1489 1839 caute
1509 1792 1548 1839 ac

334 1902 480 1997 provide
495 1903 628 1973 afferat.

386 2035 547 2107 Instituta
559 2042 676 2107 autem
693 2035 784 2107 inter
801 2036 931 2107 similia
947 2033 1090 2106 omnino
1107 2033 1291 2129 utriusque
1311 2034 1376 2105 viri
1409 2035 1548 2132 incepta

336 2176 369 2241 et
401 2168 548 2241 consilia
580 2168 785 2264 hujusmodi
817 2167 1091 2264 comparatione,
1116 2166 1219 2237 nobis
1241 2189 1483 2262 nequaquam,
1510 2174 1548 2238 ut

338 2300 439 2371 facile
476 2298 696 2394 intelligitur,
725 2300 759 2370 in
793 2307 947 2373 mentem
975 2299 1095 2370 venire
1131 2298 1256 2395 potuit,
1294 2307 1332 2369 ut
1369 2299 1547 2396 quidquid

337 2433 476 2529 utrique
514 2456 700 2504 commune
741 2440 834 2504 esset
866 2439 1044 2529 repertum
1079 2429 1298 2502 aLeihnitio
1340 2431 1462 2528 utique
1506 2457 1547 2503 ex

337 2565 499 2638 Morhosri
535 2565 624 2637 libro
653 2567 901 2662 depromptum
928 2590 1005 2637 esse
1031 2564 1337 2636 contenderemus
1365 2564 1547 2652 Quaedam

336 2700 505 2796 prolect0,
537 2723 601 2770 nec
619 2700 876 2771 contemnenda
892 2700 1051 2795 quidem,
1073 2722 1142 2768 non
1161 2696 1230 2768 nisi
1265 2695 1423 2769 adhibito
1456 2699 1550 2769 Mor-

337 2831 420 2902 hofii
441 2854 559 2926 opere,
581 2832 753 2903 Leibnitio
774 2833 984 2920 innotuisse,
1010 2835 1048 2904 ut
1063 2854 1260 2928 speramns
1282 2831 1484 2926 apparebit;
1506 2833 1549 2902 de

336 2964 460 3036 ceteris
478 2964 706 3035 manifestum
736 2966 863 3037 fecisse
887 2973 940 3037 sat
963 2965 1040 3054 erit,
1064 2987 1349 3061 quaecumquea
1374 2964 1547 3037 Leibnitio

336 3105 417 3169 tuno
442 3096 597 3192 primum
616 3098 812 3193 excogitata
826 3106 860 3170 et
881 3098 1097 3194 praescripta
1117 3121 1194 3168 esse
1211 3096 1370 3167 nonnulli
1394 3097 1551 3169 affirma-

337 3230 462 3317 verint,
482 3252 522 3300 ea
545 3229 656 3302 multo
674 3238 752 3302 ante
790 3257 809 3303 a
846 3232 1018 3304 Morhofio
1041 3230 1095 3303 vel
1113 3237 1212 3302 eruta
1232 3236 1264 3301 et
1284 3236 1465 3326 concepta,
1493 3231 1548 3302 vel

337 3363 481 3435 collecta
500 3369 533 3434 et
552 3363 701 3458 digesta,
716 3367 930 3462 jamdudum
948 3364 1080 3462 publici
1094 3364 1186 3462 juris
1213 3369 1247 3434 et
1264 3363 1367 3459 quasi
1400 3363 1550 3459 promis-

338 3521 403 3568 oua
419 3495 530 3568 luisse
548 3503 705 3593 tempore
725 3524 795 3595 quo
816 3498 1013 3571 Leibnitius
1029 3499 1072 3569 de
1097 3498 1147 3568 eis
1163 3496 1326 3568 meditari
1345 3495 1459 3591 coepit.
