3446 5452
820 523 1036 594 -168-

363 677 452 736 Unus
476 678 549 734 ante
575 688 650 734 eum
678 671 925 732 llersdoerllerus
945 669 1077 746 (idcirco
1105 687 1123 730 a
1152 669 1305 730 llorholio
1329 669 1401 746 jure
1430 669 1546 730 lauda-

329 781 390 860 tus)
408 782 451 859 ll)
469 778 549 840 illud
573 778 745 839 discrimen
765 777 833 855 jam
849 780 916 837 crat
937 776 1118 855 suspicatus
1143 779 1174 837 et
1196 775 1256 836 hac
1280 776 1382 838 laceto
1406 775 1543 836 forsitan

331 887 386 948 sed
402 891 487 947 recta
509 890 539 946 et
557 884 663 945 vivida
687 883 872 944 delinitione
889 882 1114 960 explicaverat,
1133 905 1147 937 a
1163 882 1305 943 eanidem
1329 900 1398 944 csse
1422 882 1543 944 discre-

325 992 470 1071 pantiam
497 991 580 1051 inter
604 1007 730 1067 prosam
760 994 790 1049 et
818 989 977 1067 poetieam
1005 989 1194 1062 orationem,
1211 1006 1307 1067 quam
1332 991 1416 1050 inter
1437 991 1543 1068 ingre-

329 1097 444 1159 dientis
461 1102 491 1157 et
511 1095 657 1156 saltantis
681 1095 840 1155 incessum
858 1112 890 1168 »3
916 1093 1002 1172 quod
1023 1094 1183 1173 judicium
1205 1093 1377 1155 llorhofius
1403 1095 1437 1154 in
1455 1094 1543 1156 hunc

327 1204 529 1266 disertiorem
548 1202 684 1263 modum
704 1202 873 1262 oonllrmat
890 1219 897 1260 :
916 1225 931 1256 a
947 1201 1080 1262 Habitus
1096 1202 1250 1262 orationis
1272 1201 1388 1281 ligatae
1404 1220 1422 1262 a
1438 1203 1544 1262 soluta

331 1313 364 1372 ln
378 1311 530 1371 omnibus
546 1309 690 1370 diversus
706 1313 764 1380 est,
780 1307 932 1380 dictione,
950 1307 1194 1386 compositione,
1218 1307 1362 1384 periodo,
1386 1308 1542 1379 numeris

330 1417 514 1479 inventione
531 1439 544 1470 »
561 1415 614 1494 (b).

369 1525 432 1584 Nee
454 1522 482 1582 ci
507 1521 582 1581 satis
598 1523 656 1592 est,
678 1525 713 1580 ut
739 1537 796 1596 par
811 1524 888 1592 erat,
905 1536 973 1579 rem
999 1519 1044 1579 ita
1059 1519 1241 1579 summatim
1269 1524 1299 1578 et
1327 1519 1441 1579 leviter
1466 1517 1545 1578 dell-

329 1631 431 1692 nitam
453 1634 484 1690 et
503 1628 693 1706 descriptam
710 1644 792 1698 esse;
825 1625 1048 1703 quaestionem
1075 1643 1148 1686 vero
1176 1625 1209 1685 in
1235 1626 1383 1703 pluribus
1412 1622 1547 1683 Institu-

329 1736 420 1799 tiom's
449 1735 527 1797 locis
552 1732 810 1812 pertractandam
838 1737 870 1792 et
892 1732 1132 1793 accuratissime
1162 1731 1377 1811 peragendam
1404 1735 1545 1808 reputat,

328 1859 486 1920 suamque
499 1841 537 1902 de
552 1858 589 1901 ca
602 1840 794 1900 senientiam
807 1857 844 1899 eo
858 1839 962 1900 acrius
976 1839 1063 1898 omni
1078 1809 1546 1916 opportuna⁴dooumentorum

328 1949 476 2028 congerie
491 1947 627 2007 allirmat
642 1949 673 2005 et
685 1945 810 2024 probat,
826 1962 889 2022 quo
906 1945 1172 2022 intemperantius
1192 1946 1260 2023 jam
1276 1945 1332 2005 illo
1352 1950 1496 2023 tempore
1512 1946 1546 2005 in

327 2071 461 2134 poeseos
481 2051 598 2124 studio,
628 2050 714 2111 haud
737 2068 828 2111 secus
851 2055 946 2128 atque
973 2051 1061 2124 alibi,
1088 2052 1208 2111 saevire
1231 2057 1370 2130 eruperat
1391 2053 1547 2112 elirenata

329 2159 441 2222 Weisii
458 2157 720 2234 incorruptelam
737 2156 826 2234 quasi
842 2161 954 2234 sponte
972 2157 1094 2216 ruentis
1109 2156 1264 2217 doctrina.

368 2266 428 2340 Qui
443 2282 510 2325 non
525 2261 622 2324 modo
639 2262 781 2323 scribens
797 2263 975 2339 quamlibet
997 2263 1064 2340 ipse
1086 2264 1212 2325 dicendi
1240 2266 1377 2325 sormam
1399 2266 1431 2325 in
1457 2266 1547 2326 omni

328 2389 462 2452 poeseos
490 2386 617 2449 genere,
640 2369 731 2429 nullo
760 2368 898 2428 admisso
931 2369 1126 2442 discrimine,
1151 2371 1337 2448 usurpabat,
1364 2370 1418 2431 sed
1450 2372 1547 2432 eliam

329 2480 368 2540 de
392 2493 596 2556 quacumque
619 2474 807 2552 hujusmodi
829 2472 1033 2536 distinctione
1060 2477 1282 2553 quaestionem
1307 2477 1429 2537 institui
1455 2495 1548 2556 posse

328 2603 448 2664 procax
460 2583 607 2662 negabat,
616 2586 646 2641 et
655 2578 860 2658 praedicabat
873 2586 983 2641 contra
999 2583 1124 2658 regulas
1139 2600 1250 2643 omnes
1261 2601 1328 2644 csse
1340 2589 1548 2644 contemnen-

330 2692 397 2765 das,
408 2708 489 2769 quac
499 2689 580 2749 nihil
595 2687 682 2748 aliud
696 2691 811 2760 essent,
828 2687 890 2746 nisi
903 2711 917 2742 «
934 2688 1033 2747 nativi
1050 2693 1081 2748 et
1093 2687 1131 2748 ad
1144 2689 1299 2767 impetum
1314 2691 1408 2767 proni
1428 2692 1547 2769 ingenii

329 2798 459 2859 vincula
478 2819 505 2856 ».
520 2798 690 2871 assumpta
705 2812 815 2855 rursus
829 2799 944 2866 velere,
963 2811 1060 2871 quam
1077 2795 1110 2853 in
1125 2795 1290 2874 Frugifero
1304 2797 1462 2857 Sodalitio
1472 2815 1549 2858 non-

330 2903 413 2964 nulli
437 2901 599 2981 quondam
615 2900 653 2960 de
670 2899 898 2978 orthographia
911 2905 1133 2978 conceperant,
1151 2903 1320 2974 sententia,
1346 2902 1386 2962 ils
1410 2903 1547 2962 inomni

331 3027 464 3088 operum
480 3024 594 3086 genere
611 3006 765 3066 utendum
783 3023 850 3066 esse
867 3007 996 3084 linguae
1009 3007 1121 3067 formis
1138 3009 1364 3080 contendebat,
1382 3011 1501 3086 quibus
1517 3011 1549 3070 in

332 3115 522 3194 quotidiano
546 3111 730 3172 communis
746 3111 829 3171 vilae
845 3113 1036 3172 commercio
1053 3115 1189 3191 quisque
1210 3119 1365 3188 uteretur,
1382 3133 1443 3176 nec
1457 3115 1550 3194 quid-

332 3240 430 3301 quam
445 3219 619 3282 admodum
635 3217 766 3296 reperiri
782 3234 887 3295 posse,
902 3236 966 3295 quo
982 3219 1065 3278 inter
1081 3237 1113 3280 se
1129 3221 1234 3298 poesis
1250 3226 1281 3280 et
1305 3222 1411 3282 soluta
1434 3224 1548 3296 oratic,

333 3328 420 3409 quod
436 3327 474 3388 ad
489 3327 661 3387 verborum
676 3342 773 3385 usum
788 3329 955 3403 spectaret,
974 3325 1147 3386 dissimiles
1169 3326 1363 3401 viderentur,
1387 3345 1425 3389 eo
1447 3348 1550 3407 usque

333 3439 514 3515 protervus,
537 3437 574 3493 ut
594 3449 651 3509 pro
673 3435 759 3492 certo
783 3448 902 3508 ponere
924 3447 989 3491 non
1012 3431 1172 3492 dubitaret
1191 3456 1205 3488 a
1224 3451 1354 3494 omnem
1377 3436 1551 3496 verborum

332 3543 472 3603 sormam
483 3543 539 3599 aut
553 3538 827 3608 consecutionem,
839 3537 890 3596 oui
907 3537 939 3596 in
955 3554 1050 3614 prosa
1063 3539 1206 3599 oratione
1223 3541 1333 3600 nullus
1348 3548 1431 3601 esset
1448 3543 1548 3616 locus,

332 3648 454 3728 pariter
467 3663 484 3706 a
498 3645 587 3724 poesi
603 3662 671 3705 esse
686 3642 898 3704 amovendam
916 3666 929 3694 n
954 3645 1007 3723 (3).

373 3757 414 3816 Ut
425 3755 548 3814 constet
565 3768 662 3829 quam
675 3749 855 3828 perniciosa
876 3748 971 3810 fuerit
993 3751 1072 3811 hace
1087 3769 1170 3811 nova
1186 3752 1342 3826 doctrina,
1360 3755 1550 3816 meminisse

365 4034 405 4102 (1)
427 4037 497 4098 ene,
512 4039 569 4088 666.

369 4127 405 4196 (2)
425 4130 583 4195 Polpbr'stor,
602 4131 630 4181 Τ.
644 4131 663 4190 1,
678 4129 733 4180 Lib.
752 4143 778 4190 n,
793 4142 852 4194 cap.
868 4133 909 4192 16,
925 4131 939 4194 §
956 4135 979 4181 l.
995 4132 1136 4184 -Eadem
1155 4135 1253 4183 sentire
1277 4132 1380 4183 videtur
1396 4131 1550 4192 Lelbriitlus;

337 4225 437 4290 quippe
451 4226 495 4290 qui
508 4223 640 4290 significet
652 4225 749 4289 passim
766 4227 790 4273 et
802 4223 891 4274 timide
906 4224 1060 4276 dissimilem
1077 4227 1216 4278 verborum
1230 4227 1361 4279 delectum
1372 4231 1419 4277 aut
1433 4229 1549 4277 structu·

336 4331 404 4380 ram,
426 4321 505 4385 prout
526 4319 558 4370 de
579 4319 652 4384 poesi
673 4317 712 4370 vel
730 4317 817 4368 soluta
834 4319 952 4369 oratione
972 4323 1068 4385 agatur
1084 4337 1090 4371 ι
1108 4326 1135 4372 at
1156 4335 1289 4387 nusquam
1301 4321 1334 4373 de
1350 4320 1389 4372 bis
1404 4320 1549 4386 quidquam

341 4426 467 4480 expresse
479 4414 607 4480 scriplum
621 4412 691 4479 apud
704 4425 764 4464 cum
778 4413 919 4463 invenitur.

377 4508 411 4577 (3)
431 4510 468 4562 Cl.
484 4508 543 4562 Chr.
559 4509 657 4582 Welsc,
682 4507 732 4558 Der
744 4507 892 4574 qrdnendeo
913 4507 1013 4574 legend
1031 4509 1207 4576 nollrwendlpe
1222 4509 1368 4572 Gedonlen,
1385 4525 1409 4578 p.
1427 4515 1474 4561 316
1490 4525 1548 4578 sqq.
