3462 5452
855 565 896 580 ..
924 521 1041 602 54·-

342 673 455 738 Ulitlae
470 671 581 735 Codice
595 673 746 756 ,tepereteo
761 675 904 738 Becanus
919 678 1034 752 (tace),
1049 675 1224 740 Vulcanius
1240 679 1344 755 (1591)
1355 683 1387 740 et
1401 679 1546 742 Gruterus

343 781 549 862 (1101),((1119
566 801 641 846 cum
663 784 877 846 inchoas-isset
891 785 1076 847 disserendo
1092 787 1245 848 Mercator
1267 784 1312 846 lte
1337 785 1435 846 literis
1450 795 1477 848 et
1492 786 1547 848 lin-

340 887 597 968 predationem,
614 891 652 950 ab
677 890 792 952 eodem
813 892 969 955 Vulcania
999 897 1108 972 postea
1128 893 1257 972 vulgata
1273 899 1362 954 erant
1387 895 1501 976 (1591),
1516 911 1548 956 ea

341 997 407 1060 lere
419 998 488 1058 sola
501 998 548 1059 illi
561 1000 731 1060 materiam
747 1000 941 1078 praebebant
955 1001 1009 1078 (1).

381 1105 465 1166 nteit
480 1106 578 1185 igitur
590 1105 712 1168 deliniti
728 1106 813 1178 inde,
830 1109 892 1169 nisi
911 1109 1034 1170 incerta
1056 1113 1087 1168 et
1106 1109 1214 1170 inania
1241 1109 1401 1188 quaedam
1423 1109 1549 1170 conclu-

341 1212 397 1284 dit,
415 1213 466 1274 eui
484 1212 565 1272 nibil
582 1213 691 1273 aderat
706 1231 743 1274 ex
771 1231 836 1292 que
851 1216 990 1292 gotieam
1018 1216 1162 1294 linguam
1188 1217 1221 1276 in
1247 1218 1476 1294 grammaticae
1492 1223 1550 1277 stu-

341 1318 430 1380 dium
443 1318 617 1379 adhiberet.
635 1320 827 1398 lmnroquae
841 1321 879 1380 ab
895 1339 933 1380 eo
948 1321 1036 1382 tonte
1049 1321 1147 1391 ducit,
1163 1322 1315 1383 brevitate
1329 1324 1397 1402 ipsa
1408 1328 1440 1384 et
1453 1322 1551 1384 iorrna

340 1425 512 1486 verborum
527 1425 748 1486 demonstrant
770 1427 829 1498 illi,
856 1446 937 1505 quac
961 1429 1056 1489 luerit
1071 1429 1195 1506 geticae
1210 1428 1338 1507 linguae
1357 1429 1483 1490 indoles
1505 1430 1552 1490 vel

340 1551 437 1612 quem
449 1533 532 1594 inter
545 1533 743 1610 germanicas
759 1531 911 1595 dialectos
922 1535 1030 1595 locum
1041 1535 1228 1608 obtinuerit,
1241 1536 1375 1596 mininie
1387 1554 1456 1596 esse
1472 1554 1554 1597 corn·

340 1645 478 1720 pertum.
496 1640 578 1700 lllud
593 1645 719 1701 tantum
730 1641 828 1718 paulo
844 1641 962 1701 clarius
973 1642 1130 1714 enuntiat,
1140 1642 1286 1720 linguam
1301 1643 1442 1720 goticarn
1458 1647 1552 1714 certe,

341 1747 368 1808 si
395 1748 434 1808 ad
461 1748 618 1825 originem
639 1753 772 1825 spectes,
790 1747 934 1808 eamdem
950 1766 1018 1808 esse
1044 1766 1082 1808 ac
1110 1749 1318 1822 teutonicam,
1342 1755 1378 1809 ut
1405 1767 1446 1808 ex
1470 1755 1554 1810 vete-

340 1855 429 1916 ribus
442 1855 585 1914 virorum
600 1857 629 1913 et
655 1854 849 1914 laminarum
863 1855 978 1932 goticis
999 1853 1186 1914 nominibus
1202 1859 1284 1914 etex
1303 1856 1446 1932 antiquis
1459 1856 1554 1916 Goto-

340 1980 413 2022 rum
428 1960 571 2022 versibus
587 1959 778 2038 rhythmicis
800 1958 886 2020 haud
911 1961 1072 2020 immerito
1093 1959 1232 2038 judicari
1247 1965 1352 2040 potest
1374 1963 1431 2040 (Ξ).
1449 1962 1552 2034 Quam

340 2069 486 2148 linguam
517 2073 660 2128 aretere
680 2067 813 2127 nordica
844 2068 935 2127 nullo
964 2066 1062 2127 modo
1086 2066 1266 2128 discernere
1289 2068 1417 2128 videtur
1445 2067 1498 2146 (3).
1514 2071 1555 2130 lle

340 2177 509 2238 L'ltilalroc
536 2193 639 2236 unum
668 2175 811 2235 audivit:
834 2199 848 2228 o
870 2174 1036 2254 [Tempore
1052 2174 1155 2234 Caroli
1181 2175 1297 2254 llagni]
1314 2181 1377 2236 tres
1404 2175 1553 2238 homines

340 2284 463 2345 docti...
486 2285 599 2344 Sacras
625 2283 804 2359 Scripturas
833 2281 865 2341 in
891 2281 1037 2359 linguam
1060 2281 1278 2358 germanicam
1301 2282 1547 2354 transtulerunt,

340 2390 426 2470 quod
453 2390 556 2450 multo
576 2393 650 2448 ante
675 2388 785 2449 t'ltilas
799 2387 943 2465 quidam,
966 2388 1091 2464 geticus
1116 2387 1297 2466 episcopus,
1307 2389 1427 2466 pariter
1447 2389 1554 2450 conse·
1646 2455 1651 2464 ,

340 2499 421 2560 cisse
441 2495 621 2574 dicituro(
643 2499 666 2571 ).

378 2606 466 2678 Quae
482 2606 566 2664 certe
588 2619 656 2662 non
670 2601 742 2660 ideo
757 2602 990 2670 memorantur,
1016 2603 1052 2659 ut
1067 2598 1106 2660 de
1122 2599 1288 2660 Schottclii
1316 2599 1413 2660 laude
1431 2599 1552 2678 aliquid

339 2711 543 2772 detrahatur:
560 2707 711 2768 nonnulli
726 2706 813 2767 enim
826 2711 898 2784 post
922 2723 1008 2778 eum,
1025 2706 1143 2783 quibus
1164 2705 1289 2766 felicior
1299 2705 1361 2765 init
1375 2706 1506 2766 fortuna
1521 2711 1550 2768 et

338 2818 469 2879 uberior
478 2815 750 2877 documentorum
770 2813 874 2890 eopia,
898 2811 972 2872 inde
986 2816 1096 2872 tamen
1117 2810 1288 2871 disertiora
1303 2829 1370 2872 non
1384 2817 1546 2886 eruerunt,

340 2943 400 2985 nec
412 2924 484 3002 plus
500 2938 599 3000 quam
620 2919 809 2997 aequalibus
824 2935 1013 2979 concessum
1028 2918 1090 2978 luit
1105 2917 1293 2989 Schottelio,
1310 2919 1405 2996 eujus
1427 2919 1550 2980 labores

341 3031 522 3109 scriptaque
548 3033 650 3088 totam
679 3031 763 3102 qcrte
788 3026 857 3103 jam
886 3028 1104 3102 comparatam
1138 3023 1320 3084 doctrinam
1361 3026 1552 3103 complecte-

340 3140 457 3199 bantur
481 3154 518 3196 eo
545 3140 688 3212 ternpore
714 3150 779 3210 quo
803 3132 928 3192 enotuit
951 3132 1022 3209 ejus
1046 3128 1130 3211 Opus
1154 3128 1191 3191 de
1219 3129 1344 3212 Linque
1374 3129 1553 3194 Germanica

340 3245 444 3322 (1663)
458 3243 514 3322 (5).

377 3352 509 3422 Ultima,
524 3353 560 3409 ut
583 3349 626 3408 ita
641 3347 759 3418 dicam,
774 3346 807 3405 in
822 3346 883 3406 hoc
910 3345 992 3406 libro
1008 3344 1104 3404 verba
1123 3343 1162 3404 de
1177 3344 1324 3405 doctrina
1339 3363 1398 3406 sua
1411 3347 1553 3425 reliquit.

339 3461 430 3528 Nam,
446 3471 645 3534 quamquam
657 3457 778 3531 postea,
795 3469 880 3512 anno
895 3452 965 3530 ipso
981 3468 1046 3528 quo
1061 3451 1193 3525 interiit,
1210 3451 1387 3529 epitomem
1408 3453 1554 3532 eJusdem

339 3565 444 3644 operis
472 3559 695 3639 edidittlb'ltl),
714 3557 795 3619 nibil
810 3559 854 3619 ibi
871 3558 946 3619 novi
965 3557 1114 3635 reperies,
1132 3558 1218 3635 quia,
1234 3575 1292 3636 pro
1314 3563 1418 3619 aetate
1443 3577 1503 3621 sua
1523 3565 1556 3622 et

339 3671 477 3733 sollenni
491 3685 606 3730 senum
619 3665 753 3738 desidia,
769 3666 860 3726 nullo
876 3663 1065 3728 modonora
1075 3663 1243 3724 admittere
1254 3665 1321 3742 ipse
1338 3670 1463 3742 poterat
1477 3673 1509 3728 et
1523 3669 1555 3730 in

373 3977 411 4046 (1)
429 3977 468 4030 Gi.
482 3980 606 4040 baumer,
621 3992 649 4044 p.
664 3980 707 4030 92.

372 4076 410 4140 (2)
427 4072 526 4125 Eadem
540 4073 594 4125 iere
605 4073 710 4125 dixerat
723 4076 854 4124 Gesnerus
869 4073 895 4123 tu
908 4071 1063 4122 ltr'ttridote
1073 4083 1131 4130 suo,
1149 4083 1243 4136 nempe
1260 4073 1435 4138 «Principum
1457 4071 1554 4124 Gotho·

340 4179 399 4218 rum
413 4169 521 4219 nomina
530 4169 637 4233 propria
649 4169 828 4234 germanicam
843 4179 933 4218 corum
950 4165 1068 4231 linguam
1082 4165 1173 4216 testari
1189 4163 1260 4226 »(ct.
1282 4166 1407 4228 ltaumer,
1422 4179 1449 4231 p.
1468 4167 1521 4228 tt).

374 4265 409 4330 (3)
432 4263 568 4326 dossdbrt.
581 4263 657 4327 Art,
673 4267 715 4314 51.

372 4361 413 4424 (1)
431 4356 507 4419 itta,
522 4362 564 4410 18.

372 4453 411 4518 (5)
431 4451 490 4506 Fuit
503 4453 545 4506 bic
556 4454 625 4507 alter
636 4453 730 4506 titulus
742 4452 810 4507 libri.
829 4453 872 4504 cui
888 4453 1039 4519 germanice
1053 4463 1149 4502 nomen
1166 4451 1330 4515 imposuerat
1347 4466 1354 4501 :
1372 4449 1556 4516 Ambitrtr'cbe

348 4547 438 4598 Ardet!
455 4565 501 4600 eon
514 4549 560 4598 der
577 4549 709 4600 Teretsclten
724 4546 948 4612 Haesit-Spaneta.
