<?xml version="1.0" encoding="UTF-8"?>
<!DOCTYPE html PUBLIC "-//W3C//DTD XHTML 1.0 Transitional//EN"
    "http://www.w3.org/TR/xhtml1/DTD/xhtml1-transitional.dtd">
<html xmlns="http://www.w3.org/1999/xhtml" xml:lang="en" lang="en">
 <head>
  <title>
</title>
<meta http-equiv="Content-Type" content="text/html;charset=utf-8" />
  <meta name='ocr-system' content='tesseract 3.04.00' />
  <meta name='ocr-capabilities' content='ocr_page ocr_carea ocr_par ocr_line ocrx_word'/>
</head>
<body>
  <div class='ocr_page' id='page_1' title='image "./dedgmorhofiolei00fcgoog_0134.png"; bbox 0 0 3446 5452; ppageno 0'>
   <div class='ocr_carea' id='block_1_1' title="bbox 653 621 867 696">
    <p class='ocr_par' dir='ltr' id='par_1_1' title="bbox 653 621 867 696">
     <span class='ocr_line' id='line_1_1' title="bbox 653 621 867 696; baseline 0 -1"><span class='ocrx_word' id='word_1_1' title='bbox 653 666 693 676; x_wconf 92' lang='lat'>--</span> <span class='ocrx_word' id='word_1_2' title='bbox 728 621 796 696; x_wconf 81' lang='lat'>115</span> <span class='ocrx_word' id='word_1_3' title='bbox 825 663 867 677; x_wconf 89' lang='lat'>-·</span> 
     </span>
    </p>
   </div>
   <div class='ocr_carea' id='block_1_2' title="bbox 141 773 1368 3741">
    <p class='ocr_par' dir='ltr' id='par_1_2' title="bbox 141 773 1362 1172">
     <span class='ocr_line' id='line_1_2' title="bbox 142 773 1356 853; baseline 0.002 -18"><span class='ocrx_word' id='word_1_4' title='bbox 142 774 302 837; x_wconf 88' lang='lat' dir='ltr'>vocabula</span> <span class='ocrx_word' id='word_1_5' title='bbox 315 774 437 852; x_wconf 91' lang='lat' dir='ltr'>integra</span> <span class='ocrx_word' id='word_1_6' title='bbox 451 777 483 832; x_wconf 90' lang='lat' dir='ltr'>et</span> <span class='ocrx_word' id='word_1_7' title='bbox 497 777 564 832; x_wconf 90' lang='lat' dir='ltr'>tota</span> <span class='ocrx_word' id='word_1_8' title='bbox 578 776 741 850; x_wconf 83' lang='lat' dir='ltr'>comparet</span> <span class='ocrx_word' id='word_1_9' title='bbox 763 791 823 834; x_wconf 90' lang='lat' dir='ltr'>nec</span> <span class='ocrx_word' id='word_1_10' title='bbox 837 773 1014 851; x_wconf 83' lang='lat' dir='ltr'>quidquam</span> <span class='ocrx_word' id='word_1_11' title='bbox 1029 775 1091 835; x_wconf 88' lang='lat' dir='ltr'>nisi</span> <span class='ocrx_word' id='word_1_12' title='bbox 1116 777 1189 853; x_wconf 94' lang='lat' dir='ltr'>plus</span> <span class='ocrx_word' id='word_1_13' title='bbox 1211 776 1356 838; x_wconf 83' lang='lat' dir='ltr'>minusve</span> 
     </span>
     <span class='ocr_line' id='line_1_3' title="bbox 141 880 1354 962; baseline 0.001 -19"><span class='ocrx_word' id='word_1_14' title='bbox 141 882 349 943; x_wconf 78' lang='lat' dir='ltr'><strong>manifestam</strong></span> <span class='ocrx_word' id='word_1_15' title='bbox 364 897 477 940; x_wconf 89' lang='lat' dir='ltr'>eorum</span> <span class='ocrx_word' id='word_1_16' title='bbox 490 880 737 940; x_wconf 89' lang='lat' dir='ltr'>similitudinem</span> <span class='ocrx_word' id='word_1_17' title='bbox 752 881 911 958; x_wconf 80' lang='lat' dir='ltr'>respiciat,</span> <span class='ocrx_word' id='word_1_18' title='bbox 927 887 962 940; x_wconf 90' lang='lat' dir='ltr'>ut</span> <span class='ocrx_word' id='word_1_19' title='bbox 979 887 1064 955; x_wconf 91' lang='lat' dir='ltr'>sunt,</span> <span class='ocrx_word' id='word_1_20' title='bbox 1086 884 1225 961; x_wconf 83' lang='lat' dir='ltr'>exempli</span> <span class='ocrx_word' id='word_1_21' title='bbox 1240 886 1354 962; x_wconf 88' lang='lat' dir='ltr'>gralia,</span> 
     </span>
     <span class='ocr_line' id='line_1_4' title="bbox 141 985 1362 1066; baseline 0.002 -18"><span class='ocrx_word' id='word_1_22' title='bbox 141 1007 228 1048; x_wconf 82' lang='lat' dir='ltr'>meus</span> <span class='ocrx_word' id='word_1_23' title='bbox 247 1003 269 1042; x_wconf 91' lang='lat'><strong>:</strong></span> <span class='ocrx_word' id='word_1_24' title='bbox 293 997 353 1066; x_wconf 80' lang='grc' dir='ltr'>μιῡ,</span> <span class='ocrx_word' id='word_1_25' title='bbox 379 1004 438 1046; x_wconf 92' lang='lat' dir='ltr'>nos</span> <span class='ocrx_word' id='word_1_26' title='bbox 461 1002 482 1037; x_wconf 92' lang='lat'>=</span> <span class='ocrx_word' id='word_1_27' title='bbox 503 994 551 1060; x_wconf 79' lang='grc' dir='ltr'>νώ,</span> <span class='ocrx_word' id='word_1_28' title='bbox 569 985 666 1046; x_wconf 92' lang='lat' dir='ltr'>homo</span> <span class='ocrx_word' id='word_1_29' title='bbox 681 1009 703 1044; x_wconf 92' lang='lat'>:</span> <span class='ocrx_word' id='word_1_30' title='bbox 717 992 803 1065; x_wconf 77' lang='grc' dir='ltr'><strong>ὁμῶς,</strong></span> <span class='ocrx_word' id='word_1_31' title='bbox 820 986 935 1046; x_wconf 91' lang='lat' dir='ltr'>similis</span> <span class='ocrx_word' id='word_1_32' title='bbox 949 1009 971 1045; x_wconf 92' lang='lat'><strong>:</strong></span> <span class='ocrx_word' id='word_1_33' title='bbox 987 991 1119 1066; x_wconf 75' lang='grc' dir='ltr'>μιμηλός,</span> <span class='ocrx_word' id='word_1_34' title='bbox 1135 988 1218 1049; x_wconf 88' lang='lat' dir='ltr'>vello</span> <span class='ocrx_word' id='word_1_35' title='bbox 1238 1011 1260 1046; x_wconf 94' lang='lat'><strong>:</strong></span> <span class='ocrx_word' id='word_1_36' title='bbox 1276 993 1362 1051; x_wconf 69' lang='lat' dir='ltr'>cillo</span> 
     </span>
     <span class='ocr_line' id='line_1_5' title="bbox 143 1091 462 1172; baseline -0.019 -16"><span class='ocrx_word' id='word_1_37' title='bbox 143 1095 275 1172; x_wconf 91' lang='lat' dir='ltr'>aliaque</span> <span class='ocrx_word' id='word_1_38' title='bbox 291 1091 462 1170; x_wconf 71' lang='lat' dir='ltr'>multati).</span> 
     </span>
    </p>

    <p class='ocr_par' dir='ltr' id='par_1_3' title="bbox 142 1196 1363 2335">
     <span class='ocr_line' id='line_1_6' title="bbox 185 1196 1360 1280; baseline 0 -18"><span class='ocrx_word' id='word_1_39' title='bbox 185 1198 425 1270; x_wconf 88' lang='lat' dir='ltr'>Praetermisso,</span> <span class='ocrx_word' id='word_1_40' title='bbox 441 1203 477 1258; x_wconf 89' lang='lat' dir='ltr'>ut</span> <span class='ocrx_word' id='word_1_41' title='bbox 490 1215 548 1275; x_wconf 91' lang='lat' dir='ltr'>par</span> <span class='ocrx_word' id='word_1_42' title='bbox 562 1202 619 1272; x_wconf 90' lang='lat' dir='ltr'>est,</span> <span class='ocrx_word' id='word_1_43' title='bbox 636 1196 812 1270; x_wconf 88' lang='lat' dir='ltr'>Schrickio,</span> <span class='ocrx_word' id='word_1_44' title='bbox 829 1198 923 1276; x_wconf 92' lang='lat' dir='ltr'>cujus</span> <span class='ocrx_word' id='word_1_45' title='bbox 941 1201 1067 1262; x_wconf 91' lang='lat' dir='ltr'>somnia</span> <span class='ocrx_word' id='word_1_46' title='bbox 1085 1202 1257 1262; x_wconf 88' lang='lat' dir='ltr'>Morholius</span> <span class='ocrx_word' id='word_1_47' title='bbox 1271 1203 1360 1280; x_wconf 90' lang='lat' dir='ltr'>justa</span> 
     </span>
     <span class='ocr_line' id='line_1_7' title="bbox 142 1304 1361 1384; baseline 0.001 -18"><span class='ocrx_word' id='word_1_48' title='bbox 142 1308 314 1368; x_wconf 88' lang='lat' dir='ltr'>severitate</span> <span class='ocrx_word' id='word_1_49' title='bbox 329 1309 360 1366; x_wconf 92' lang='lat' dir='ltr'>et</span> <span class='ocrx_word' id='word_1_50' title='bbox 374 1304 488 1365; x_wconf 88' lang='lat' dir='ltr'>merito</span> <span class='ocrx_word' id='word_1_51' title='bbox 504 1307 691 1381; x_wconf 91' lang='lat' dir='ltr'>contemptu</span> <span class='ocrx_word' id='word_1_52' title='bbox 706 1304 824 1381; x_wconf 88' lang='lat' dir='ltr'>excipit</span> <span class='ocrx_word' id='word_1_53' title='bbox 837 1307 893 1384; x_wconf 72' lang='lat'>(2),</span> <span class='ocrx_word' id='word_1_54' title='bbox 920 1306 989 1383; x_wconf 89' lang='lat' dir='ltr'>jam</span> <span class='ocrx_word' id='word_1_55' title='bbox 1016 1307 1056 1367; x_wconf 93' lang='lat' dir='ltr'>ad</span> <span class='ocrx_word' id='word_1_56' title='bbox 1082 1309 1297 1369; x_wconf 88' lang='lat' dir='ltr'>Schoitelium</span> <span class='ocrx_word' id='word_1_57' title='bbox 1312 1313 1361 1370; x_wconf 90' lang='lat' dir='ltr'>est</span> 
     </span>
     <span class='ocr_line' id='line_1_8' title="bbox 143 1410 1358 1493; baseline 0.002 -19"><span class='ocrx_word' id='word_1_58' title='bbox 143 1411 392 1483; x_wconf 88' lang='lat' dir='ltr'>transeundum,</span> <span class='ocrx_word' id='word_1_59' title='bbox 409 1411 434 1470; x_wconf 93' lang='lat' dir='ltr'>si</span> <span class='ocrx_word' id='word_1_60' title='bbox 451 1428 530 1488; x_wconf 88' lang='lat' dir='ltr'>quas</span> <span class='ocrx_word' id='word_1_61' title='bbox 545 1411 683 1470; x_wconf 90' lang='lat' dir='ltr'>velimus</span> <span class='ocrx_word' id='word_1_62' title='bbox 697 1410 860 1470; x_wconf 82' lang='lat' dir='ltr'>uberiores</span> <span class='ocrx_word' id='word_1_63' title='bbox 875 1411 914 1471; x_wconf 88' lang='lat' dir='ltr'>de</span> <span class='ocrx_word' id='word_1_64' title='bbox 937 1430 974 1472; x_wconf 88' lang='lat' dir='ltr'>ea</span> <span class='ocrx_word' id='word_1_65' title='bbox 991 1415 1249 1493; x_wconf 86' lang='lat' dir='ltr'>recogitationes</span> <span class='ocrx_word' id='word_1_66' title='bbox 1266 1433 1358 1492; x_wconf 91' lang='lat' dir='ltr'>repe-</span> 
     </span>
     <span class='ocr_line' id='line_1_9' title="bbox 144 1517 1360 1599; baseline -0.001 -17"><span class='ocrx_word' id='word_1_67' title='bbox 144 1523 208 1582; x_wconf 90' lang='lat' dir='ltr'>rire</span> <span class='ocrx_word' id='word_1_68' title='bbox 224 1522 277 1599; x_wconf 76' lang='lat'>(3).</span> <span class='ocrx_word' id='word_1_69' title='bbox 303 1520 330 1578; x_wconf 92' lang='lat' dir='ltr'>ls</span> <span class='ocrx_word' id='word_1_70' title='bbox 346 1519 432 1578; x_wconf 89' lang='lat' dir='ltr'>enim</span> <span class='ocrx_word' id='word_1_71' title='bbox 449 1535 551 1578; x_wconf 92' lang='lat' dir='ltr'>unum</span> <span class='ocrx_word' id='word_1_72' title='bbox 566 1535 582 1576; x_wconf 88' lang='lat' dir='ltr'>e</span> <span class='ocrx_word' id='word_1_73' title='bbox 598 1517 708 1577; x_wconf 91' lang='lat' dir='ltr'>multis</span> <span class='ocrx_word' id='word_1_74' title='bbox 730 1517 921 1594; x_wconf 87' lang='lat' dir='ltr'>amplissimi</span> <span class='ocrx_word' id='word_1_75' title='bbox 938 1521 1042 1596; x_wconf 91' lang='lat' dir='ltr'>operis</span> <span class='ocrx_word' id='word_1_76' title='bbox 1062 1522 1260 1582; x_wconf 84' lang='lat' dir='ltr'>Tractatibus</span> <span class='ocrx_word' id='word_1_77' title='bbox 1275 1522 1360 1581; x_wconf 91' lang='lat' dir='ltr'>indi-</span> 
     </span>
     <span class='ocr_line' id='line_1_10' title="bbox 145 1624 1363 1706; baseline -0.002 -16"><span class='ocrx_word' id='word_1_78' title='bbox 145 1647 218 1692; x_wconf 86' lang='lat' dir='ltr'>cem</span> <span class='ocrx_word' id='word_1_79' title='bbox 233 1645 303 1688; x_wconf 89' lang='lat' dir='ltr'>esse</span> <span class='ocrx_word' id='word_1_80' title='bbox 318 1627 431 1698; x_wconf 90' lang='lat' dir='ltr'>voluit,</span> <span class='ocrx_word' id='word_1_81' title='bbox 446 1643 509 1702; x_wconf 93' lang='lat' dir='ltr'>quo</span> <span class='ocrx_word' id='word_1_82' title='bbox 525 1625 766 1684; x_wconf 79' lang='lat' dir='ltr'>continerentur</span> <span class='ocrx_word' id='word_1_83' title='bbox 786 1647 800 1678; x_wconf 75' lang='grc' dir='ltr'>α</span> <span class='ocrx_word' id='word_1_84' title='bbox 817 1624 950 1685; x_wconf 84' lang='lat' dir='ltr'>Radices</span> <span class='ocrx_word' id='word_1_85' title='bbox 972 1643 1028 1687; x_wconf 91' lang='lat' dir='ltr'>seu</span> <span class='ocrx_word' id='word_1_86' title='bbox 1048 1629 1212 1704; x_wconf 88' lang='lat' dir='ltr'>primitiva</span> <span class='ocrx_word' id='word_1_87' title='bbox 1234 1629 1363 1706; x_wconf 90' lang='lat' dir='ltr'>linguae</span> 
     </span>
     <span class='ocr_line' id='line_1_11' title="bbox 144 1731 1357 1816; baseline -0.002 -19"><span class='ocrx_word' id='word_1_88' title='bbox 144 1735 379 1816; x_wconf 89' lang='lat' dir='ltr'>germanicae»</span> <span class='ocrx_word' id='word_1_89' title='bbox 397 1732 451 1812; x_wconf 71' lang='lat' dir='ltr'>(l),</span> <span class='ocrx_word' id='word_1_90' title='bbox 481 1749 547 1792; x_wconf 91' lang='lat' dir='ltr'>non</span> <span class='ocrx_word' id='word_1_91' title='bbox 561 1732 629 1791; x_wconf 90' lang='lat' dir='ltr'>sine</span> <span class='ocrx_word' id='word_1_92' title='bbox 644 1731 753 1808; x_wconf 88' lang='lat' dir='ltr'>aliquo</span> <span class='ocrx_word' id='word_1_93' title='bbox 769 1731 895 1802; x_wconf 85' lang='lat' dir='ltr'>ellectu,</span> <span class='ocrx_word' id='word_1_94' title='bbox 913 1732 938 1790; x_wconf 92' lang='lat' dir='ltr'>si</span> <span class='ocrx_word' id='word_1_95' title='bbox 956 1732 1073 1810; x_wconf 86' lang='lat' dir='ltr'>incepti</span> <span class='ocrx_word' id='word_1_96' title='bbox 1089 1735 1265 1794; x_wconf 87' lang='lat' dir='ltr'>novitatem</span> <span class='ocrx_word' id='word_1_97' title='bbox 1280 1751 1357 1794; x_wconf 91' lang='lat' dir='ltr'>con-</span> 
     </span>
     <span class='ocr_line' id='line_1_12' title="bbox 146 1836 1363 1917; baseline -0.002 -15"><span class='ocrx_word' id='word_1_98' title='bbox 146 1840 351 1912; x_wconf 89' lang='lat' dir='ltr'>sideraveris,</span> <span class='ocrx_word' id='word_1_99' title='bbox 369 1855 566 1916; x_wconf 90' lang='lat' dir='ltr'>quamquam</span> <span class='ocrx_word' id='word_1_100' title='bbox 578 1838 628 1897; x_wconf 89' lang='lat' dir='ltr'>vel</span> <span class='ocrx_word' id='word_1_101' title='bbox 641 1854 681 1896; x_wconf 86' lang='lat' dir='ltr'>ex</span> <span class='ocrx_word' id='word_1_102' title='bbox 695 1836 772 1914; x_wconf 92' lang='lat' dir='ltr'>ipsis</span> <span class='ocrx_word' id='word_1_103' title='bbox 788 1836 887 1896; x_wconf 91' lang='lat' dir='ltr'>indici</span> <span class='ocrx_word' id='word_1_104' title='bbox 902 1839 1086 1915; x_wconf 87' lang='lat' dir='ltr'>praemissis</span> <span class='ocrx_word' id='word_1_105' title='bbox 1102 1840 1363 1917; x_wconf 91' lang='lat' dir='ltr'>cogitationibus,</span> 
     </span>
     <span class='ocr_line' id='line_1_13' title="bbox 146 1942 1363 2024; baseline -0.001 -16"><span class='ocrx_word' id='word_1_106' title='bbox 146 1949 195 2010; x_wconf 90' lang='lat' dir='ltr'>vel</span> <span class='ocrx_word' id='word_1_107' title='bbox 211 1966 253 2008; x_wconf 82' lang='lat' dir='ltr'>ex</span> <span class='ocrx_word' id='word_1_108' title='bbox 268 1945 446 2006; x_wconf 90' lang='lat' dir='ltr'>innumeris</span> <span class='ocrx_word' id='word_1_109' title='bbox 459 1945 539 2004; x_wconf 87' lang='lat' dir='ltr'>salso</span> <span class='ocrx_word' id='word_1_110' title='bbox 556 1943 654 2004; x_wconf 90' lang='lat' dir='ltr'>erutis</span> <span class='ocrx_word' id='word_1_111' title='bbox 668 1942 828 2004; x_wconf 87' lang='lat' dir='ltr'>radicibus</span> <span class='ocrx_word' id='word_1_112' title='bbox 842 1948 898 2003; x_wconf 89' lang='lat' dir='ltr'>aut</span> <span class='ocrx_word' id='word_1_113' title='bbox 911 1961 1079 2023; x_wconf 91' lang='lat' dir='ltr'>perperam</span> <span class='ocrx_word' id='word_1_114' title='bbox 1105 1945 1254 2008; x_wconf 89' lang='lat' dir='ltr'>admissis</span> <span class='ocrx_word' id='word_1_115' title='bbox 1272 1964 1363 2024; x_wconf 91' lang='lat' dir='ltr'>pere-</span> 
     </span>
     <span class='ocr_line' id='line_1_14' title="bbox 145 2049 1359 2134; baseline -0.002 -18"><span class='ocrx_word' id='word_1_116' title='bbox 145 2056 250 2134; x_wconf 90' lang='lat' dir='ltr'>grinis</span> <span class='ocrx_word' id='word_1_117' title='bbox 266 2052 431 2114; x_wconf 87' lang='lat' dir='ltr'>vocabulis</span> <span class='ocrx_word' id='word_1_118' title='bbox 446 2055 477 2110; x_wconf 88' lang='lat' dir='ltr'>ct</span> <span class='ocrx_word' id='word_1_119' title='bbox 488 2049 711 2128; x_wconf 87' lang='lat' dir='ltr'>polysyllabis,</span> <span class='ocrx_word' id='word_1_120' title='bbox 723 2050 822 2109; x_wconf 88' lang='lat' dir='ltr'>immo</span> <span class='ocrx_word' id='word_1_121' title='bbox 838 2050 1001 2112; x_wconf 89' lang='lat' dir='ltr'>interdum</span> <span class='ocrx_word' id='word_1_122' title='bbox 1016 2054 1204 2130; x_wconf 88' lang='lat' dir='ltr'>compositis</span> <span class='ocrx_word' id='word_1_123' title='bbox 1213 2055 1359 2126; x_wconf 80' lang='lat' dir='ltr'>vocibus,</span> 
     </span>
     <span class='ocr_line' id='line_1_15' title="bbox 146 2156 1363 2239; baseline 0 -17"><span class='ocrx_word' id='word_1_124' title='bbox 146 2163 227 2224; x_wconf 91' lang='lat' dir='ltr'>satis</span> <span class='ocrx_word' id='word_1_125' title='bbox 240 2164 458 2239; x_wconf 89' lang='lat' dir='ltr'>appareteum</span> <span class='ocrx_word' id='word_1_126' title='bbox 471 2156 616 2217; x_wconf 90' lang='lat' dir='ltr'>nondum</span> <span class='ocrx_word' id='word_1_127' title='bbox 631 2157 740 2216; x_wconf 91' lang='lat' dir='ltr'>animo</span> <span class='ocrx_word' id='word_1_128' title='bbox 765 2158 961 2235; x_wconf 77' lang='lat' dir='ltr'>concepisse,</span> <span class='ocrx_word' id='word_1_129' title='bbox 987 2159 1065 2237; x_wconf 93' lang='lat' dir='ltr'>quid</span> <span class='ocrx_word' id='word_1_130' title='bbox 1088 2161 1128 2220; x_wconf 93' lang='lat' dir='ltr'>sit</span> <span class='ocrx_word' id='word_1_131' title='bbox 1149 2179 1224 2222; x_wconf 88' lang='lat' dir='ltr'>vera</span> <span class='ocrx_word' id='word_1_132' title='bbox 1246 2161 1363 2222; x_wconf 88' lang='lat' dir='ltr'>radicis</span> 
     </span>
     <span class='ocr_line' id='line_1_16' title="bbox 148 2273 280 2335; baseline -0.023 -5"><span class='ocrx_word' id='word_1_133' title='bbox 148 2273 280 2335; x_wconf 89' lang='lat' dir='ltr'>natura.</span> 
     </span>
    </p>

    <p class='ocr_par' dir='ltr' id='par_1_4' title="bbox 147 2369 1366 2876">
     <span class='ocr_line' id='line_1_17' title="bbox 189 2369 1363 2453; baseline 0.001 -19"><span class='ocrx_word' id='word_1_134' title='bbox 189 2373 365 2435; x_wconf 87' lang='lat' dir='ltr'>Morbofius</span> <span class='ocrx_word' id='word_1_135' title='bbox 381 2376 493 2432; x_wconf 82' lang='lat' dir='ltr'>contra</span> <span class='ocrx_word' id='word_1_136' title='bbox 510 2386 576 2430; x_wconf 88' lang='lat' dir='ltr'>non</span> <span class='ocrx_word' id='word_1_137' title='bbox 595 2369 692 2431; x_wconf 93' lang='lat' dir='ltr'>modo</span> <span class='ocrx_word' id='word_1_138' title='bbox 707 2369 823 2431; x_wconf 84' lang='lat' dir='ltr'>radicis</span> <span class='ocrx_word' id='word_1_139' title='bbox 847 2371 990 2434; x_wconf 91' lang='lat' dir='ltr'>indolem</span> <span class='ocrx_word' id='word_1_140' title='bbox 1012 2377 1043 2433; x_wconf 91' lang='lat' dir='ltr'>et</span> <span class='ocrx_word' id='word_1_141' title='bbox 1067 2379 1217 2435; x_wconf 89' lang='lat' dir='ltr'>naturam</span> <span class='ocrx_word' id='word_1_142' title='bbox 1233 2376 1363 2453; x_wconf 90' lang='lat' dir='ltr'>penitus</span> 
     </span>
     <span class='ocr_line' id='line_1_18' title="bbox 147 2475 1366 2563; baseline -0.001 -20"><span class='ocrx_word' id='word_1_143' title='bbox 147 2485 220 2563; x_wconf 83' lang='lat' dir='ltr'>jam</span> <span class='ocrx_word' id='word_1_144' title='bbox 241 2480 431 2558; x_wconf 86' lang='lat' dir='ltr'>introspexit</span> <span class='ocrx_word' id='word_1_145' title='bbox 454 2481 485 2537; x_wconf 89' lang='lat' dir='ltr'>et</span> <span class='ocrx_word' id='word_1_146' title='bbox 508 2475 586 2554; x_wconf 92' lang='lat' dir='ltr'>quid</span> <span class='ocrx_word' id='word_1_147' title='bbox 614 2477 696 2537; x_wconf 89' lang='lat' dir='ltr'>inter</span> <span class='ocrx_word' id='word_1_148' title='bbox 721 2476 865 2538; x_wconf 90' lang='lat' dir='ltr'>radicem</span> <span class='ocrx_word' id='word_1_149' title='bbox 888 2483 919 2538; x_wconf 89' lang='lat' dir='ltr'>et</span> <span class='ocrx_word' id='word_1_150' title='bbox 949 2480 1210 2542; x_wconf 88' lang='lat' dir='ltr'>terminationem</span> <span class='ocrx_word' id='word_1_151' title='bbox 1240 2482 1366 2542; x_wconf 89' lang='lat' dir='ltr'>intersit</span> 
     </span>
     <span class='ocr_line' id='line_1_19' title="bbox 149 2581 1365 2668; baseline 0.002 -20"><span class='ocrx_word' id='word_1_152' title='bbox 149 2589 249 2668; x_wconf 89' lang='lat' dir='ltr'>plane</span> <span class='ocrx_word' id='word_1_153' title='bbox 265 2585 433 2657; x_wconf 80' lang='lat' dir='ltr'>intellexit,</span> <span class='ocrx_word' id='word_1_154' title='bbox 450 2581 615 2644; x_wconf 88' lang='lat' dir='ltr'>sedetiam</span> <span class='ocrx_word' id='word_1_155' title='bbox 639 2589 718 2660; x_wconf 90' lang='lat' dir='ltr'>quot</span> <span class='ocrx_word' id='word_1_156' title='bbox 741 2589 773 2644; x_wconf 90' lang='lat' dir='ltr'>et</span> <span class='ocrx_word' id='word_1_157' title='bbox 791 2589 911 2662; x_wconf 90' lang='lat' dir='ltr'>quanta</span> <span class='ocrx_word' id='word_1_158' title='bbox 937 2591 1125 2664; x_wconf 90' lang='lat' dir='ltr'>argumenta</span> <span class='ocrx_word' id='word_1_159' title='bbox 1151 2605 1191 2648; x_wconf 85' lang='lat' dir='ltr'>ex</span> <span class='ocrx_word' id='word_1_160' title='bbox 1215 2594 1365 2650; x_wconf 88' lang='lat' dir='ltr'>accurata</span> 
     </span>
     <span class='ocr_line' id='line_1_20' title="bbox 153 2690 1365 2776; baseline 0.002 -21"><span class='ocrx_word' id='word_1_161' title='bbox 153 2695 325 2771; x_wconf 88' lang='lat' dir='ltr'>utriusque</span> <span class='ocrx_word' id='word_1_162' title='bbox 353 2690 554 2769; x_wconf 87' lang='lat' dir='ltr'>sejunctione</span> <span class='ocrx_word' id='word_1_163' title='bbox 582 2691 784 2769; x_wconf 80' lang='lat' dir='ltr'>etymologus</span> <span class='ocrx_word' id='word_1_164' title='bbox 813 2691 949 2769; x_wconf 89' lang='lat' dir='ltr'>quisque</span> <span class='ocrx_word' id='word_1_165' title='bbox 983 2710 1093 2754; x_wconf 88' lang='lat' dir='ltr'>eruere</span> <span class='ocrx_word' id='word_1_166' title='bbox 1122 2699 1228 2773; x_wconf 89' lang='lat' dir='ltr'>queat,</span> <span class='ocrx_word' id='word_1_167' title='bbox 1260 2698 1365 2776; x_wconf 84' lang='lat' dir='ltr'>sagaci</span> 
     </span>
     <span class='ocr_line' id='line_1_21' title="bbox 153 2796 1009 2876; baseline -0.004 -13"><span class='ocrx_word' id='word_1_168' title='bbox 153 2801 265 2863; x_wconf 90' lang='lat' dir='ltr'>animo</span> <span class='ocrx_word' id='word_1_169' title='bbox 281 2801 423 2860; x_wconf 90' lang='lat' dir='ltr'>intuetur</span> <span class='ocrx_word' id='word_1_170' title='bbox 437 2803 468 2858; x_wconf 89' lang='lat' dir='ltr'>et</span> <span class='ocrx_word' id='word_1_171' title='bbox 482 2797 613 2876; x_wconf 89' lang='lat' dir='ltr'>optimis</span> <span class='ocrx_word' id='word_1_172' title='bbox 629 2798 784 2875; x_wconf 86' lang='lat' dir='ltr'>exemplis</span> <span class='ocrx_word' id='word_1_173' title='bbox 800 2796 1009 2860; x_wconf 88' lang='lat' dir='ltr'>demonstrat.</span> 
     </span>
    </p>

    <p class='ocr_par' dir='ltr' id='par_1_5' title="bbox 153 2904 1368 3741">
     <span class='ocr_line' id='line_1_22' title="bbox 194 2904 1367 2988; baseline 0.003 -20"><span class='ocrx_word' id='word_1_174' title='bbox 194 2911 315 2968; x_wconf 91' lang='lat' dir='ltr'>Natura</span> <span class='ocrx_word' id='word_1_175' title='bbox 340 2906 427 2967; x_wconf 87' lang='lat' dir='ltr'>enim</span> <span class='ocrx_word' id='word_1_176' title='bbox 449 2904 709 2984; x_wconf 88' lang='lat' dir='ltr'>monosyllabam</span> <span class='ocrx_word' id='word_1_177' title='bbox 729 2905 763 2965; x_wconf 94' lang='lat' dir='ltr'>iu</span> <span class='ocrx_word' id='word_1_178' title='bbox 779 2906 930 2967; x_wconf 90' lang='lat' dir='ltr'>omnibus</span> <span class='ocrx_word' id='word_1_179' title='bbox 955 2909 1123 2988; x_wconf 88' lang='lat' dir='ltr'>europaeis</span> <span class='ocrx_word' id='word_1_180' title='bbox 1147 2915 1178 2971; x_wconf 89' lang='lat' dir='ltr'>et</span> <span class='ocrx_word' id='word_1_181' title='bbox 1200 2909 1367 2971; x_wconf 85' lang='lat' dir='ltr'>nonnullis</span> 
     </span>
     <span class='ocr_line' id='line_1_23' title="bbox 154 3013 1368 3096; baseline 0 -17"><span class='ocrx_word' id='word_1_182' title='bbox 154 3015 296 3079; x_wconf 88' lang='lat' dir='ltr'>asiaticis</span> <span class='ocrx_word' id='word_1_183' title='bbox 310 3013 440 3093; x_wconf 70' lang='lat' dir='ltr'>linguis</span> <span class='ocrx_word' id='word_1_184' title='bbox 455 3013 549 3091; x_wconf 89' lang='lat' dir='ltr'>longe</span> <span class='ocrx_word' id='word_1_185' title='bbox 565 3013 715 3091; x_wconf 89' lang='lat' dir='ltr'>seposita,</span> <span class='ocrx_word' id='word_1_186' title='bbox 736 3018 772 3073; x_wconf 93' lang='lat' dir='ltr'>ut</span> <span class='ocrx_word' id='word_1_187' title='bbox 783 3031 841 3092; x_wconf 91' lang='lat' dir='ltr'>par</span> <span class='ocrx_word' id='word_1_188' title='bbox 855 3019 933 3089; x_wconf 87' lang='lat' dir='ltr'>erat,</span> <span class='ocrx_word' id='word_1_189' title='bbox 948 3015 1167 3078; x_wconf 88' lang='lat' dir='ltr'>semiticarum</span> <span class='ocrx_word' id='word_1_190' title='bbox 1185 3018 1368 3096; x_wconf 91' lang='lat' dir='ltr'>linguarum</span> 
     </span>
     <span class='ocr_line' id='line_1_24' title="bbox 154 3120 1368 3204; baseline 0 -18"><span class='ocrx_word' id='word_1_191' title='bbox 154 3124 274 3203; x_wconf 90' lang='lat' dir='ltr'>specie,</span> <span class='ocrx_word' id='word_1_192' title='bbox 291 3121 432 3184; x_wconf 88' lang='lat' dir='ltr'>radicem</span> <span class='ocrx_word' id='word_1_193' title='bbox 447 3137 516 3180; x_wconf 89' lang='lat' dir='ltr'>esse</span> <span class='ocrx_word' id='word_1_194' title='bbox 529 3136 588 3198; x_wconf 91' lang='lat' dir='ltr'>pro</span> <span class='ocrx_word' id='word_1_195' title='bbox 604 3125 768 3198; x_wconf 87' lang='lat' dir='ltr'>comperto</span> <span class='ocrx_word' id='word_1_196' title='bbox 782 3120 879 3183; x_wconf 89' lang='lat' dir='ltr'>habet</span> <span class='ocrx_word' id='word_1_197' title='bbox 893 3127 925 3182; x_wconf 92' lang='lat' dir='ltr'>et</span> <span class='ocrx_word' id='word_1_198' title='bbox 947 3124 1089 3184; x_wconf 89' lang='lat' dir='ltr'>multum</span> <span class='ocrx_word' id='word_1_199' title='bbox 1114 3124 1202 3186; x_wconf 87' lang='lat' dir='ltr'>abest</span> <span class='ocrx_word' id='word_1_200' title='bbox 1224 3131 1270 3199; x_wconf 88' lang='lat' dir='ltr'>ut,</span> <span class='ocrx_word' id='word_1_201' title='bbox 1288 3144 1368 3204; x_wconf 91' lang='lat' dir='ltr'>quo·</span> 
     </span>
     <span class='ocr_line' id='line_1_25' title="bbox 153 3228 1367 3311; baseline -0.002 -16"><span class='ocrx_word' id='word_1_202' title='bbox 153 3231 306 3295; x_wconf 92' lang='lat' dir='ltr'>rumdam</span> <span class='ocrx_word' id='word_1_203' title='bbox 321 3246 461 3290; x_wconf 87' lang='lat' dir='ltr'>errorem</span> <span class='ocrx_word' id='word_1_204' title='bbox 483 3228 661 3305; x_wconf 83' lang='lat' dir='ltr'>amplexus,</span> <span class='ocrx_word' id='word_1_205' title='bbox 679 3228 762 3288; x_wconf 90' lang='lat' dir='ltr'>hanc</span> <span class='ocrx_word' id='word_1_206' title='bbox 785 3228 983 3306; x_wconf 87' lang='lat' dir='ltr'>primitivam</span> <span class='ocrx_word' id='word_1_207' title='bbox 1008 3231 1124 3292; x_wconf 88' lang='lat' dir='ltr'>radicis</span> <span class='ocrx_word' id='word_1_208' title='bbox 1149 3233 1287 3294; x_wconf 84' lang='lat' dir='ltr'>formam</span> <span class='ocrx_word' id='word_1_209' title='bbox 1310 3251 1367 3311; x_wconf 92' lang='lat' dir='ltr'>pro</span> 
     </span>
     <span class='ocr_line' id='line_1_26' title="bbox 154 3334 1366 3419; baseline 0.001 -18"><span class='ocrx_word' id='word_1_210' title='bbox 154 3339 274 3402; x_wconf 79' lang='lat' dir='ltr'>eximia</span> <span class='ocrx_word' id='word_1_211' title='bbox 300 3341 331 3398; x_wconf 89' lang='lat' dir='ltr'>et</span> <span class='ocrx_word' id='word_1_212' title='bbox 355 3335 512 3416; x_wconf 92' lang='lat' dir='ltr'>peculiari</span> <span class='ocrx_word' id='word_1_213' title='bbox 538 3335 634 3396; x_wconf 91' lang='lat' dir='ltr'>unius</span> <span class='ocrx_word' id='word_1_214' title='bbox 661 3334 832 3413; x_wconf 87' lang='lat' dir='ltr'>cujusdam</span> <span class='ocrx_word' id='word_1_215' title='bbox 855 3336 984 3415; x_wconf 82' lang='lat' dir='ltr'>linguae</span> <span class='ocrx_word' id='word_1_216' title='bbox 1012 3341 1231 3419; x_wconf 88' lang='lat' dir='ltr'>praerogativa</span> <span class='ocrx_word' id='word_1_217' title='bbox 1260 3341 1366 3402; x_wconf 91' lang='lat' dir='ltr'>ducat.</span> 
     </span>
     <span class='ocr_line' id='line_1_27' title="bbox 154 3442 1368 3520; baseline 0 -12"><span class='ocrx_word' id='word_1_218' title='bbox 154 3448 259 3508; x_wconf 93' lang='lat' dir='ltr'>lmmo</span> <span class='ocrx_word' id='word_1_219' title='bbox 287 3447 479 3505; x_wconf 90' lang='lat' dir='ltr'>cunctorum</span> <span class='ocrx_word' id='word_1_220' title='bbox 503 3445 598 3520; x_wconf 92' lang='lat' dir='ltr'>atque</span> <span class='ocrx_word' id='word_1_221' title='bbox 625 3442 726 3519; x_wconf 90' lang='lat' dir='ltr'>ipsius</span> <span class='ocrx_word' id='word_1_222' title='bbox 747 3442 852 3520; x_wconf 88' lang='lat' dir='ltr'>graeci</span> <span class='ocrx_word' id='word_1_223' title='bbox 879 3448 910 3504; x_wconf 90' lang='lat' dir='ltr'>et</span> <span class='ocrx_word' id='word_1_224' title='bbox 933 3444 1036 3518; x_wconf 90' lang='lat' dir='ltr'>latini,</span> <span class='ocrx_word' id='word_1_225' title='bbox 1058 3463 1203 3507; x_wconf 90' lang='lat' dir='ltr'>necnon</span> <span class='ocrx_word' id='word_1_226' title='bbox 1225 3451 1368 3508; x_wconf 83' lang='lat' dir='ltr'>veterum</span> 
     </span>
     <span class='ocr_line' id='line_1_28' title="bbox 156 3547 1368 3632; baseline 0 -16"><span class='ocrx_word' id='word_1_227' title='bbox 156 3554 267 3616; x_wconf 90' lang='lat' dir='ltr'>ltaliae</span> <span class='ocrx_word' id='word_1_228' title='bbox 282 3567 469 3612; x_wconf 92' lang='lat' dir='ltr'>sermonum</span> <span class='ocrx_word' id='word_1_229' title='bbox 484 3547 631 3612; x_wconf 86' lang='lat' dir='ltr'>eamdem</span> <span class='ocrx_word' id='word_1_230' title='bbox 646 3547 865 3611; x_wconf 89' lang='lat' dir='ltr'>conditionem</span> <span class='ocrx_word' id='word_1_231' title='bbox 881 3552 934 3629; x_wconf 72' lang='lat' dir='ltr'>iit),</span> <span class='ocrx_word' id='word_1_232' title='bbox 959 3552 1048 3613; x_wconf 87' lang='lat' dir='ltr'>velut</span> <span class='ocrx_word' id='word_1_233' title='bbox 1072 3553 1212 3632; x_wconf 90' lang='lat' dir='ltr'>quadam</span> <span class='ocrx_word' id='word_1_234' title='bbox 1234 3560 1368 3616; x_wconf 89' lang='lat' dir='ltr'>naturae</span> 
     </span>
     <span class='ocr_line' id='line_1_29' title="bbox 157 3655 1365 3741; baseline 0.002 -19"><span class='ocrx_word' id='word_1_235' title='bbox 157 3662 228 3741; x_wconf 82' lang='lat' dir='ltr'>lege</span> <span class='ocrx_word' id='word_1_236' title='bbox 244 3659 298 3739; x_wconf 62' lang='lat' dir='ltr'>(a),</span> <span class='ocrx_word' id='word_1_237' title='bbox 321 3656 413 3718; x_wconf 89' lang='lat' dir='ltr'>initio</span> <span class='ocrx_word' id='word_1_238' title='bbox 438 3655 536 3718; x_wconf 89' lang='lat' dir='ltr'>luisse</span> <span class='ocrx_word' id='word_1_239' title='bbox 556 3656 744 3736; x_wconf 86' lang='lat' dir='ltr'>proiitetur;</span> <span class='ocrx_word' id='word_1_240' title='bbox 769 3674 919 3736; x_wconf 87' lang='lat' dir='ltr'>cumque,</span> <span class='ocrx_word' id='word_1_241' title='bbox 937 3659 1101 3740; x_wconf 90' lang='lat' dir='ltr'>temporis,</span> <span class='ocrx_word' id='word_1_242' title='bbox 1128 3665 1163 3724; x_wconf 93' lang='lat' dir='ltr'>ut</span> <span class='ocrx_word' id='word_1_243' title='bbox 1186 3662 1229 3723; x_wconf 89' lang='lat' dir='ltr'>lta</span> <span class='ocrx_word' id='word_1_244' title='bbox 1249 3661 1365 3739; x_wconf 85' lang='lat' dir='ltr'>dicam,</span> 
     </span>
    </p>
   </div>
   <div class='ocr_carea' id='block_1_3' title="bbox 162 3843 1365 3864">
    <p class='ocr_par' dir='ltr' id='par_1_6' title="bbox 162 3843 1365 3864">
     <span class='ocr_line' id='line_1_30' title="bbox 162 3843 1365 3864; baseline 0.004 -6"><span class='ocrx_word' id='word_1_245' title='bbox 162 3843 553 3859; x_wconf 63' lang='lat' dir='ltr'><em>Q</em></span> <span class='ocrx_word' id='word_1_246' title='bbox 1169 3852 1365 3864; x_wconf 67' lang='lat' dir='ltr'>——n———n-</span> 
     </span>
    </p>
   </div>
   <div class='ocr_carea' id='block_1_4' title="bbox 158 3960 1370 4716">
    <p class='ocr_par' dir='ltr' id='par_1_7' title="bbox 158 3960 1370 4231">
     <span class='ocr_line' id='line_1_31' title="bbox 191 3960 1370 4038; baseline 0.003 -18"><span class='ocrx_word' id='word_1_247' title='bbox 191 3960 228 4030; x_wconf 88' lang='lat' dir='ltr'>(i)</span> <span class='ocrx_word' id='word_1_248' title='bbox 247 3962 286 4017; x_wconf 85' lang='lat' dir='ltr'>ci.</span> <span class='ocrx_word' id='word_1_249' title='bbox 301 3965 415 4028; x_wconf 86' lang='lat' dir='ltr'>Curtius,</span> <span class='ocrx_word' id='word_1_250' title='bbox 425 3965 588 4033; x_wconf 73' lang='lat' dir='ltr'>Grundniqe,</span> <span class='ocrx_word' id='word_1_251' title='bbox 603 3970 627 4019; x_wconf 79' lang='lat' dir='ltr'>a.</span> <span class='ocrx_word' id='word_1_252' title='bbox 643 3966 696 4029; x_wconf 82' lang='lat' dir='ltr'>ed,</span> <span class='ocrx_word' id='word_1_253' title='bbox 710 3981 737 4034; x_wconf 91' lang='lat' dir='ltr'>p.</span> <span class='ocrx_word' id='word_1_254' title='bbox 755 3969 768 4018; x_wconf 81' lang='lat' dir='ltr'>t</span> <span class='ocrx_word' id='word_1_255' title='bbox 781 3980 841 4036; x_wconf 85' lang='lat' dir='ltr'>sqq.</span> <span class='ocrx_word' id='word_1_256' title='bbox 854 3969 967 4022; x_wconf 85' lang='lat' dir='ltr'>-Plura</span> <span class='ocrx_word' id='word_1_257' title='bbox 980 3968 1013 4022; x_wconf 85' lang='lat' dir='ltr'>de</span> <span class='ocrx_word' id='word_1_258' title='bbox 1026 3971 1104 4024; x_wconf 82' lang='lat' dir='ltr'>variis</span> <span class='ocrx_word' id='word_1_259' title='bbox 1120 3968 1171 4023; x_wconf 89' lang='lat' dir='ltr'>huc</span> <span class='ocrx_word' id='word_1_260' title='bbox 1187 3971 1370 4038; x_wconf 85' lang='lat' dir='ltr'>spectantibus</span> 
     </span>
     <span class='ocr_line' id='line_1_32' title="bbox 159 4059 1368 4136; baseline 0.009 -25"><span class='ocrx_word' id='word_1_261' title='bbox 159 4062 306 4124; x_wconf 80' lang='lat' dir='ltr'>sententiis,</span> <span class='ocrx_word' id='word_1_262' title='bbox 327 4075 396 4130; x_wconf 83' lang='lat' dir='ltr'>quae</span> <span class='ocrx_word' id='word_1_263' title='bbox 414 4074 462 4128; x_wconf 85' lang='lat' dir='ltr'>per</span> <span class='ocrx_word' id='word_1_264' title='bbox 484 4065 567 4116; x_wconf 89' lang='lat' dir='ltr'>totam</span> <span class='ocrx_word' id='word_1_265' title='bbox 593 4065 707 4132; x_wconf 84' lang='lat' dir='ltr'>priorem</span> <span class='ocrx_word' id='word_1_266' title='bbox 726 4059 800 4117; x_wconf 85' lang='lat' dir='ltr'>iiiiiii</span> <span class='ocrx_word' id='word_1_267' title='bbox 822 4065 920 4119; x_wconf 87' lang='lat' dir='ltr'>saeculi</span> <span class='ocrx_word' id='word_1_268' title='bbox 945 4069 1047 4134; x_wconf 85' lang='lat' dir='ltr'>partem</span> <span class='ocrx_word' id='word_1_269' title='bbox 1076 4069 1174 4121; x_wconf 85' lang='lat' dir='ltr'>sensim</span> <span class='ocrx_word' id='word_1_270' title='bbox 1195 4071 1368 4136; x_wconf 82' lang='lat' dir='ltr'>emerserunt,</span> 
     </span>
     <span class='ocr_line' id='line_1_33' title="bbox 158 4155 945 4231; baseline 0.006 -21"><span class='ocrx_word' id='word_1_271' title='bbox 158 4155 250 4211; x_wconf 74' lang='lat' dir='ltr'>videas</span> <span class='ocrx_word' id='word_1_272' title='bbox 263 4155 334 4224; x_wconf 87' lang='lat' dir='ltr'>apud</span> <span class='ocrx_word' id='word_1_273' title='bbox 348 4158 435 4226; x_wconf 81' lang='lat' dir='ltr'>ipsum</span> <span class='ocrx_word' id='word_1_274' title='bbox 450 4156 617 4224; x_wconf 80' lang='lat' dir='ltr'>Morbofluru,</span> <span class='ocrx_word' id='word_1_275' title='bbox 635 4158 704 4225; x_wconf 78' lang='lat' dir='ltr'>ilat,</span> <span class='ocrx_word' id='word_1_276' title='bbox 721 4158 776 4213; x_wconf 78' lang='lat' dir='ltr'>lib.</span> <span class='ocrx_word' id='word_1_277' title='bbox 793 4161 827 4226; x_wconf 88' lang='lat' dir='ltr'>ii,</span> <span class='ocrx_word' id='word_1_278' title='bbox 842 4173 902 4231; x_wconf 84' lang='lat' dir='ltr'>cap.</span> <span class='ocrx_word' id='word_1_279' title='bbox 920 4163 945 4215; x_wconf 83' lang='lat' dir='ltr'>t.</span> 
     </span>
    </p>

    <p class='ocr_par' dir='ltr' id='par_1_8' title="bbox 196 4250 386 4322">
     <span class='ocr_line' id='line_1_34' title="bbox 196 4250 386 4322; baseline 0.011 -17"><span class='ocrx_word' id='word_1_280' title='bbox 196 4250 235 4322; x_wconf 76' lang='lat'>(2)</span> <span class='ocrx_word' id='word_1_281' title='bbox 253 4252 325 4320; x_wconf 73' lang='lat' dir='ltr'>cnr,</span> <span class='ocrx_word' id='word_1_282' title='bbox 345 4257 386 4307; x_wconf 78' lang='lat' dir='ltr'>io.</span> 
     </span>
    </p>

    <p class='ocr_par' dir='ltr' id='par_1_9' title="bbox 195 4346 623 4418">
     <span class='ocr_line' id='line_1_35' title="bbox 195 4346 623 4418; baseline 0.012 -15"><span class='ocrx_word' id='word_1_283' title='bbox 195 4346 231 4412; x_wconf 73' lang='grc' dir='ltr'>(ὃ)</span> <span class='ocrx_word' id='word_1_284' title='bbox 248 4350 322 4418; x_wconf 70' lang='lat' dir='ltr'>dass.</span> <span class='ocrx_word' id='word_1_285' title='bbox 338 4349 437 4416; x_wconf 64' lang='lat' dir='ltr'>arbeit,</span> <span class='ocrx_word' id='word_1_286' title='bbox 452 4355 494 4416; x_wconf 78' lang='lat'>08,</span> <span class='ocrx_word' id='word_1_287' title='bbox 507 4349 549 4416; x_wconf 79' lang='lat' dir='ltr'>il,</span> <span class='ocrx_word' id='word_1_288' title='bbox 565 4353 623 4408; x_wconf 56' lang='lat' dir='ltr'>titt</span> 
     </span>
    </p>

    <p class='ocr_par' dir='ltr' id='par_1_10' title="bbox 197 4445 656 4517">
     <span class='ocr_line' id='line_1_36' title="bbox 197 4445 656 4517; baseline 0.017 -19"><span class='ocrx_word' id='word_1_289' title='bbox 197 4445 233 4516; x_wconf 82' lang='lat' dir='ltr'>(t)</span> <span class='ocrx_word' id='word_1_290' title='bbox 247 4445 323 4511; x_wconf 76' lang='lat' dir='ltr'>ibid..</span> <span class='ocrx_word' id='word_1_291' title='bbox 337 4447 393 4500; x_wconf 83' lang='lat' dir='ltr'>bib.</span> <span class='ocrx_word' id='word_1_292' title='bbox 409 4449 438 4511; x_wconf 91' lang='lat' dir='ltr'>V,</span> <span class='ocrx_word' id='word_1_293' title='bbox 455 4462 481 4517; x_wconf 73' lang='lat' dir='ltr'>p.</span> <span class='ocrx_word' id='word_1_294' title='bbox 499 4447 656 4506; x_wconf 76' lang='lat' dir='ltr'>itti-itti·</span> 
     </span>
    </p>

    <p class='ocr_par' dir='ltr' id='par_1_11' title="bbox 197 4543 487 4613">
     <span class='ocr_line' id='line_1_37' title="bbox 197 4543 487 4613; baseline 0.014 -15"><span class='ocrx_word' id='word_1_295' title='bbox 197 4545 237 4613; x_wconf 67' lang='lat' dir='ltr'>ss)</span> <span class='ocrx_word' id='word_1_296' title='bbox 256 4543 325 4609; x_wconf 61' lang='lat' dir='ltr'>liniq</span> <span class='ocrx_word' id='word_1_297' title='bbox 340 4546 431 4612; x_wconf 49' lang='lat'>⁸142)</span> <span class='ocrx_word' id='word_1_298' title='bbox 445 4548 487 4602; x_wconf 59' lang='lat' dir='ltr'>wi</span> 
     </span>
    </p>

    <p class='ocr_par' dir='ltr' id='par_1_12' title="bbox 196 4639 381 4716">
     <span class='ocr_line' id='line_1_38' title="bbox 196 4639 381 4716; baseline 0 -16"><span class='ocrx_word' id='word_1_299' title='bbox 196 4639 233 4710; x_wconf 56' lang='grc' dir='ltr'>(ὅ)</span> <span class='ocrx_word' id='word_1_300' title='bbox 250 4639 326 4716; x_wconf 60' lang='grc' dir='ltr'>Μαι,</span> <span class='ocrx_word' id='word_1_301' title='bbox 340 4643 381 4703; x_wconf 58' lang='lat' dir='ltr'>”t</span> 
     </span>
    </p>
   </div>
   <div class='ocr_carea' id='block_1_5' title="bbox 0 0 1752 5452">
    <p class='ocr_par' dir='ltr' id='par_1_13' title="bbox 0 0 1752 5452">
     <span class='ocr_line' id='line_1_39' title="bbox 0 0 1752 5452; baseline 0 0"><span class='ocrx_word' id='word_1_302' title='bbox 0 0 1752 5452; x_wconf 95' lang='lat' dir='ltr'> </span> 
     </span>
    </p>
   </div>
  </div>
 </body>
</html>
