3462 5452
684 651 872 726 ..29-

167 801 316 885 antiquos
331 799 617 885 licpoossignillcat
635 806 811 865 Leibnitius
825 812 855 866 et
878 806 1018 884 respicit,
1036 807 1126 884 quasi
1146 827 1163 866 a
1188 804 1301 885 primis
1313 803 1381 885 jam

167 912 383 988 temporibus,
399 912 516 987 quibus
532 913 622 970 ltalia
637 930 654 970 a
669 912 765 971 Celtis
781 912 918 972 habitari
934 919 1037 990 ccepta
1063 915 1114 986 sit,
1144 915 1244 973 latina
1269 914 1382 990 lingua

168 1019 269 1078 unica
282 1018 326 1077 ibi
353 1017 531 1089 exstiterit3
557 1035 616 1077 nec
632 1017 863 1094 quidquamde
890 1020 1002 1079 ceteris
1031 1020 1148 1078 italicis
1176 1018 1382 1078 sermonibus

168 1141 286 1183 curare
302 1122 439 1182 videtur.
458 1124 604 1182 Diversos
618 1122 775 1199 quosdam
802 1128 921 1196 tamen,
936 1130 1060 1201 praeter
1087 1125 1235 1195 latinum,
1253 1124 1331 1183 olim
1345 1123 1379 1182 in

169 1230 263 1288 ltalia
273 1233 442 1305 usurpatos
458 1245 605 1287 essenon
621 1227 757 1304 ignorat,
775 1245 850 1288 curn
866 1230 965 1288 semel
981 1231 1094 1288 saltem
1114 1231 1284 1288 Etruscum
1313 1246 1379 1288 ser-

169 1353 303 1395 monem
319 1343 350 1394 et
365 1359 379 1390 u
396 1335 550 1394 Tabulam
566 1335 769 1411 Eugubinam
786 1356 800 1388 »
817 1341 986 1406 memoret,
1002 1340 1134 1395 eatenus
1150 1334 1281 1412 quidem
1306 1351 1380 1411 pro-

168 1459 310 1520 gressus
334 1447 369 1501 ul
395 1441 479 1500 dicat
501 1442 595 1499 illum
622 1459 640 1499 a
663 1442 792 1500 nemine
821 1441 970 1518 intelligi,
988 1441 1071 1500 hanc
1084 1442 1159 1499 viris
1176 1439 1278 1500 doctis
1307 1457 1378 1498 sus-

167 1555 298 1626 pectam
312 1548 421 1606 haberi
438 1549 492 1624 ll).

95 1629 100 1635 ⁶
210 1655 349 1724 Quinam
362 1660 470 1712 autem
484 1653 603 1712 luerint
616 1653 667 1711 isti
681 1671 844 1712 sermones
859 1659 890 1712 et
903 1654 989 1715 unde
1009 1654 1149 1728 oriundi,
1166 1673 1230 1731 qua
1242 1654 1384 1730 antiqui-

169 1766 235 1819 tate
249 1760 386 1837 praediti
403 1763 433 1819 et
448 1777 512 1836 quo
528 1777 613 1819 nexu
628 1776 703 1818 cum
728 1761 827 1819 latina
853 1760 964 1838 lingua
988 1762 1164 1838 conjuncti,
1195 1761 1245 1820 vel
1272 1760 1383 1837 quanti

171 1871 292 1924 tuerint
306 1868 461 1930 momenti
475 1865 514 1924 ad
531 1883 601 1924 eam
612 1871 682 1924 tum
695 1866 967 1942 constituendam,
983 1872 1051 1926 tum
1075 1867 1311 1940 inllectendam,
1327 1874 1382 1925 aut

170 1993 252 2052 quae
273 1976 317 2034 eis
331 1976 364 2032 in
376 1980 553 2052 posterum,
569 1975 634 2032 sive
647 1974 739 2050 juxta
763 1975 896 2032 latinam
923 1975 1068 2052 linguam
1097 1974 1298 2046 durantibus,
1316 1975 1381 2032 sive

168 2085 208 2142 ab
222 2101 259 2142 ea
272 2083 430 2159 paulatim
445 2081 632 2151 deturbatis,
649 2084 714 2138 lata
726 2081 929 2157 contigerint,
941 2081 1102 2157 inquirere
1116 2097 1279 2157 nusquam
1295 2080 1383 2138 Leib-

168 2191 249 2249 nitio
265 2190 452 2264 inmentem
462 2187 559 2246 venit.
574 2188 696 2263 Ubique
713 2191 837 2245 tantum
856 2187 1016 2265 delingua
1030 2188 1175 2246 latinam
1187 2188 1375 2247 universum

170 2303 211 2369 et,
227 2303 264 2356 ut
278 2297 322 2355 ita
337 2295 453 2367 dicam,
469 2302 526 2355 κατ’
539 2295 647 2376 ἐξοχήν,
668 2294 806 2353 disserit.

210 2401 300 2462 Unde
317 2402 491 2478 jaml'acile
512 2401 649 2477 intelligi
664 2405 780 2477 potest,
798 2405 831 2458 ut
852 2400 936 2459 hanc
958 2401 1181 2477 quaestionem
1206 2399 1260 2459 hic
1274 2401 1382 2458 staitm

172 2501 454 2586 expediamusnec
468 2512 565 2585 paulo
581 2512 654 2584 post
675 2514 792 2566 iterum
815 2508 1017 2566 tractandam
1043 2509 1269 2585 suscipiamus,
1296 2508 1383 2568 haud

172 2618 266 2674 aliter
280 2633 312 2674 se
328 2633 395 2674 rem
410 2617 539 2686 babere,
554 2616 609 2673 ubi
626 2614 664 2673 de
689 2615 863 2674 romanicis
888 2617 1090 2675 sermonibus
1118 2617 1294 2676 leibnitius
1319 2617 1383 2675 dis-

170 2728 272 2800 putat.
288 2724 346 2782 Hic
362 2731 469 2782 tamen
489 2722 622 2780 maximi
636 2723 718 2780 toret
732 2723 900 2794 momenti,
918 2725 944 2780 si
958 2723 1140 2783 institutam
1154 2725 1237 2783 inter
1257 2725 1383 2783 Leibni-

170 2834 253 2891 tium
275 2831 530 2907 llorliollumque
542 2830 817 2905 comparationem
844 2832 1059 2906 persecuturis
1085 2831 1205 2904 liceret,
1234 2832 1382 2892 Leibnitii

172 2937 369 3016 primumde
391 2955 427 2996 ea
457 2955 489 2996 re
520 2937 713 2995 sententiam
737 2937 770 2995 in
798 2941 961 2997 certamen
986 2937 1164 3012 deducere;
1196 2943 1238 3012 at,
1255 2939 1382 3016 nequis

172 3045 360 3123 hujusmodi
381 3045 588 3104 collationem
614 3045 779 3104 instituere
800 3045 909 3117 vellet,
924 3046 993 3121 ipsa
1015 3049 1100 3106 vetat
1119 3053 1383 3124 argumentorum

172 3155 292 3231 inopia,

185 3287 188 3293 ¹
213 3261 389 3320 Leibnitius
404 3259 503 3331 enim,
519 3276 716 3336 quamquam
730 3277 805 3318 eum
820 3259 907 3319 haud
921 3260 1019 3318 semel
1034 3260 1103 3337 ipsc
1115 3277 1165 3320 res
1181 3278 1218 3320 eo
1241 3261 1381 3335 adducit,

173 3373 208 3428 ut
223 3370 256 3428 in
273 3386 338 3427 uno
353 3368 402 3426 vel
418 3369 518 3426 altero
533 3384 627 3443 opere
641 3367 679 3426 de
695 3368 845 3426 omnibus
859 3367 1032 3426 romanicis
1048 3367 1251 3428 sermonibus
1271 3369 1383 3446 loqua-
1436 3383 1437 3388 ’

172 3484 235 3550 tur,
252 3476 290 3535 de
307 3476 560 3552 singulistamen
572 3475 939 3551 ubiqueobitertuntum
954 3474 1241 3551 disputat,nullum
1254 3478 1383 3553 penitus

174 3583 365 3660 introspicit,
381 3600 452 3655 nec,
470 3581 557 3659 quod
571 3587 681 3641 nostra
696 3582 750 3642 hic
760 3583 901 3642 maxime
927 3583 1104 3655 interesset,
1130 3584 1224 3642 certis
1238 3601 1383 3661 unquam

174 3693 304 3769 exponit
316 3691 433 3763 verbiS,
448 3708 511 3766 qua
524 3691 647 3749 ratione
673 3707 727 3750 eos
754 3690 803 3750 vel
826 3691 1027 3764 informatos,
1044 3691 1095 3751 vel
1121 3695 1232 3752 auctos
1257 3711 1325 3754 esse
1350 3695 1383 3756 in

175 3801 359 3860 universum
372 3799 542 3876 putaverit.
557 3777 562 3786 ⁵

211 3908 262 3968 Bis
278 3909 421 3986 prolecto
448 3905 575 3980 accidit,
599 3910 634 3966 ut
660 3903 785 3987 linquae
808 3923 954 3967 romanae
980 3908 1173 3969 mentionem
1202 3907 1331 3983 faceret,
1347 3924 1383 3970 ae

173 4016 313 4095 primum
330 4014 460 4092 quidem
476 4031 586 4075 rursus
599 4013 730 4074 edendis
745 4018 818 4093 post
832 4014 1020 4076 Nithardum
1036 4015 1188 4078 Ludovici
1204 4018 1383 4081 Germanici

177 4129 206 4186 et
224 4122 329 4185 Caroli
344 4123 431 4184 Calvi
446 4122 652 4196 iuramentis,
672 4139 754 4202 quac
780 4121 920 4202 «lingua
947 4123 1148 4202 provinciali,
1175 4125 1240 4186 sive
1262 4126 1384 4190 Gallico

172 4231 351 4306 recentiori,
366 4237 397 4294 et
409 4229 575 4292 Theotisca
589 4230 769 4310 conscripta
786 4251 800 4288 o
817 4231 861 4313 (ἢ)
877 4247 945 4293 esse
956 4229 1055 4309 dicit;
1080 4229 1119 4293 de
1135 4232 1263 4316 linguae
1276 4239 1382 4299 autem

1186 4403 1382 4422 ..ιι-Ἣ

208 4515 244 4579 (l)
262 4519 333 4584 buc,
350 4523 390 4585 Vl,
405 4535 467 4590 pars
483 4525 507 4586 2,
523 4535 549 4590 p.
567 4525 624 4576 tou,

208 4607 243 4676 (t)
261 4609 333 4672 Dat,
348 4611 389 4673 Vl,
402 4625 464 4678 pars
477 4614 502 4674 a,
519 4625 544 4678 p.
560 4615 690 4677 lli-*1443
706 4607 743 4676 ct,
757 4604 839 4667 Nouo.
851 4605 939 4668 licebit
951 4610 1003 4680 (dd.
1017 4608 1113 4684 tanat),
1129 4616 1148 4682 l,
1163 4611 1209 4672 idi
1222 4622 1228 4682 l
1243 4609 1274 4668 dc
1288 4603 1379 4666 iisdem

176 4701 335 4768 iuramentis
347 4712 381 4764 cl.
396 4713 473 4764 oliam
490 4706 646 4780 dolet-libid,
666 4714 721 4798 llll.
