<?xml version="1.0" encoding="UTF-8"?>
<!DOCTYPE html PUBLIC "-//W3C//DTD XHTML 1.0 Transitional//EN"
    "http://www.w3.org/TR/xhtml1/DTD/xhtml1-transitional.dtd">
<html xmlns="http://www.w3.org/1999/xhtml" xml:lang="en" lang="en">
 <head>
  <title>
</title>
<meta http-equiv="Content-Type" content="text/html;charset=utf-8" />
  <meta name='ocr-system' content='tesseract 3.04.00' />
  <meta name='ocr-capabilities' content='ocr_page ocr_carea ocr_par ocr_line ocrx_word'/>
</head>
<body>
  <div class='ocr_page' id='page_1' title='image "./dedgmorhofiolei00fcgoog_0079.png"; bbox 0 0 3462 5452; ppageno 0'>
   <div class='ocr_carea' id='block_1_1' title="bbox 866 601 1057 686">
    <p class='ocr_par' dir='ltr' id='par_1_1' title="bbox 866 601 1057 686">
     <span class='ocr_line' id='line_1_1' title="bbox 866 601 1057 686; baseline -0.01 -20"><span class='ocrx_word' id='word_1_1' title='bbox 866 601 1057 686; x_wconf 70' lang='lat'>...60-</span> 
     </span>
    </p>
   </div>
   <div class='ocr_carea' id='block_1_2' title="bbox 355 752 1576 4249">
    <p class='ocr_par' dir='ltr' id='par_1_2' title="bbox 355 752 1563 949">
     <span class='ocr_line' id='line_1_2' title="bbox 358 752 1563 844; baseline 0.001 -22"><span class='ocrx_word' id='word_1_2' title='bbox 358 752 479 822; x_wconf 83' lang='lat' dir='ltr'>Codicis</span> <span class='ocrx_word' id='word_1_3' title='bbox 492 753 639 842; x_wconf 77' lang='lat' dir='ltr'>Arpeutez&#39;</span> <span class='ocrx_word' id='word_1_4' title='bbox 654 761 800 825; x_wconf 88' lang='lat' dir='ltr'>autorem</span> <span class='ocrx_word' id='word_1_5' title='bbox 821 757 984 842; x_wconf 88' lang='lat' dir='ltr'>Ulphilam</span> <span class='ocrx_word' id='word_1_6' title='bbox 1003 759 1052 824; x_wconf 88' lang='lat' dir='ltr'>vel</span> <span class='ocrx_word' id='word_1_7' title='bbox 1069 759 1234 826; x_wconf 86' lang='lat' dir='ltr'>Wulfllam</span> <span class='ocrx_word' id='word_1_8' title='bbox 1249 756 1427 825; x_wconf 81' lang='lat' dir='ltr'>Gothorum</span> <span class='ocrx_word' id='word_1_9' title='bbox 1442 755 1563 844; x_wconf 85' lang='lat' dir='ltr'>episco-</span> 
     </span>
     <span class='ocr_line' id='line_1_3' title="bbox 355 868 881 949; baseline 0.004 -19"><span class='ocrx_word' id='word_1_10' title='bbox 355 885 435 946; x_wconf 92' lang='lat' dir='ltr'>pum</span> <span class='ocrx_word' id='word_1_11' title='bbox 458 868 641 930; x_wconf 89' lang='lat' dir='ltr'>babendum</span> <span class='ocrx_word' id='word_1_12' title='bbox 662 886 777 931; x_wconf 90' lang='lat' dir='ltr'>censeo</span> <span class='ocrx_word' id='word_1_13' title='bbox 794 891 809 925; x_wconf 81' lang='lat' dir='ltr'>u</span> <span class='ocrx_word' id='word_1_14' title='bbox 825 869 881 949; x_wconf 88' lang='lat' dir='ltr'>(l).</span> 
     </span>
    </p>

    <p class='ocr_par' dir='ltr' id='par_1_3' title="bbox 356 975 1568 1486">
     <span class='ocr_line' id='line_1_4' title="bbox 397 975 1563 1055; baseline -0.003 -18"><span class='ocrx_word' id='word_1_15' title='bbox 397 977 549 1055; x_wconf 84' lang='lat' dir='ltr'>Sequenti</span> <span class='ocrx_word' id='word_1_16' title='bbox 568 981 677 1038; x_wconf 88' lang='lat' dir='ltr'>tamen</span> <span class='ocrx_word' id='word_1_17' title='bbox 698 995 783 1038; x_wconf 88' lang='lat' dir='ltr'>anno</span> <span class='ocrx_word' id='word_1_18' title='bbox 806 977 991 1039; x_wconf 91' lang='lat' dir='ltr'>indubium</span> <span class='ocrx_word' id='word_1_19' title='bbox 1008 975 1164 1038; x_wconf 81' lang='lat' dir='ltr'><strong>reciderat</strong></span> <span class='ocrx_word' id='word_1_20' title='bbox 1186 975 1226 1038; x_wconf 92' lang='lat' dir='ltr'>ad</span> <span class='ocrx_word' id='word_1_21' title='bbox 1241 976 1390 1039; x_wconf 88' lang='lat' dir='ltr'>Crozium</span> <span class='ocrx_word' id='word_1_22' title='bbox 1405 976 1563 1037; x_wconf 89' lang='lat' dir='ltr'>scribens:</span> 
     </span>
     <span class='ocr_line' id='line_1_5' title="bbox 359 1079 1567 1163; baseline -0.004 -19"><span class='ocrx_word' id='word_1_23' title='bbox 359 1104 373 1137; x_wconf 92' lang='lat'>«</span> <span class='ocrx_word' id='word_1_24' title='bbox 398 1083 434 1144; x_wconf 83' lang='lat' dir='ltr'>Je</span> <span class='ocrx_word' id='word_1_25' title='bbox 462 1101 543 1144; x_wconf 92' lang='lat' dir='ltr'>vous</span> <span class='ocrx_word' id='word_1_26' title='bbox 565 1101 678 1156; x_wconf 87' lang='lat' dir='ltr'>avoue,</span> <span class='ocrx_word' id='word_1_27' title='bbox 705 1084 876 1157; x_wconf 88' lang='lat' dir='ltr'>Monsieur,</span> <span class='ocrx_word' id='word_1_28' title='bbox 903 1102 964 1163; x_wconf 91' lang='lat' dir='ltr'>que</span> <span class='ocrx_word' id='word_1_29' title='bbox 990 1084 1045 1162; x_wconf 87' lang='lat' dir='ltr'>j’ai</span> <span class='ocrx_word' id='word_1_30' title='bbox 1069 1085 1217 1163; x_wconf 88' lang='lat' dir='ltr'>toujours</span> <span class='ocrx_word' id='word_1_31' title='bbox 1239 1102 1295 1145; x_wconf 91' lang='lat' dir='ltr'>oru</span> <span class='ocrx_word' id='word_1_32' title='bbox 1320 1101 1382 1162; x_wconf 92' lang='lat' dir='ltr'>que</span> <span class='ocrx_word' id='word_1_33' title='bbox 1408 1084 1438 1144; x_wconf 88' lang='lat' dir='ltr'>le</span> <span class='ocrx_word' id='word_1_34' title='bbox 1465 1079 1567 1144; x_wconf 76' lang='lat' dir='ltr'>Codex</span> 
     </span>
     <span class='ocr_line' id='line_1_6' title="bbox 356 1187 1567 1270; baseline -0.002 -20"><span class='ocrx_word' id='word_1_35' title='bbox 356 1187 527 1270; x_wconf 72' lang='lat' dir='ltr'>Arpenteus</span> <span class='ocrx_word' id='word_1_36' title='bbox 549 1191 717 1252; x_wconf 77' lang='lat' dir='ltr'>etaitecrit</span> <span class='ocrx_word' id='word_1_37' title='bbox 737 1208 776 1252; x_wconf 91' lang='lat' dir='ltr'>en</span> <span class='ocrx_word' id='word_1_38' title='bbox 800 1193 916 1270; x_wconf 86' lang='lat' dir='ltr'>langue</span> <span class='ocrx_word' id='word_1_39' title='bbox 929 1191 1095 1270; x_wconf 89' lang='lat' dir='ltr'>gothique,</span> <span class='ocrx_word' id='word_1_40' title='bbox 1119 1192 1173 1269; x_wconf 91' lang='lat' dir='ltr'>qui</span> <span class='ocrx_word' id='word_1_41' title='bbox 1196 1195 1242 1252; x_wconf 89' lang='lat' dir='ltr'>est</span> <span class='ocrx_word' id='word_1_42' title='bbox 1262 1193 1292 1252; x_wconf 92' lang='lat' dir='ltr'>le</span> <span class='ocrx_word' id='word_1_43' title='bbox 1314 1190 1448 1251; x_wconf 88' lang='lat' dir='ltr'>dialeote</span> <span class='ocrx_word' id='word_1_44' title='bbox 1464 1193 1567 1250; x_wconf 89' lang='lat' dir='ltr'>teuto-</span> 
     </span>
     <span class='ocr_line' id='line_1_7' title="bbox 358 1293 1568 1380; baseline -0.004 -22"><span class='ocrx_word' id='word_1_45' title='bbox 358 1297 457 1374; x_wconf 85' lang='lat' dir='ltr'>nique</span> <span class='ocrx_word' id='word_1_46' title='bbox 478 1298 613 1358; x_wconf 88' lang='lat' dir='ltr'>oriental</span> <span class='ocrx_word' id='word_1_47' title='bbox 630 1302 660 1357; x_wconf 89' lang='lat' dir='ltr'>et</span> <span class='ocrx_word' id='word_1_48' title='bbox 683 1315 748 1358; x_wconf 92' lang='lat' dir='ltr'>non</span> <span class='ocrx_word' id='word_1_49' title='bbox 770 1315 827 1376; x_wconf 88' lang='lat' dir='ltr'>pas</span> <span class='ocrx_word' id='word_1_50' title='bbox 847 1299 876 1358; x_wconf 95' lang='lat' dir='ltr'>le</span> <span class='ocrx_word' id='word_1_51' title='bbox 895 1298 1134 1376; x_wconf 75' lang='lat' dir='ltr'>septentrional.</span> <span class='ocrx_word' id='word_1_52' title='bbox 1158 1295 1237 1358; x_wconf 83' lang='lat' dir='ltr'>Mais</span> <span class='ocrx_word' id='word_1_53' title='bbox 1252 1297 1287 1380; x_wconf 85' lang='lat' dir='ltr'>je</span> <span class='ocrx_word' id='word_1_54' title='bbox 1308 1296 1403 1358; x_wconf 85' lang='lat' dir='ltr'>seruis</span> <span class='ocrx_word' id='word_1_55' title='bbox 1423 1295 1489 1358; x_wconf 83' lang='lat' dir='ltr'>bien</span> <span class='ocrx_word' id='word_1_56' title='bbox 1506 1293 1568 1358; x_wconf 83' lang='lat' dir='ltr'>oisc</span> 
     </span>
     <span class='ocr_line' id='line_1_8' title="bbox 356 1403 1194 1486; baseline 0 -22"><span class='ocrx_word' id='word_1_57' title='bbox 356 1423 414 1486; x_wconf 86' lang='lat' dir='ltr'>que</span> <span class='ocrx_word' id='word_1_58' title='bbox 434 1423 507 1464; x_wconf 86' lang='lat' dir='ltr'>vous</span> <span class='ocrx_word' id='word_1_59' title='bbox 525 1403 741 1466; x_wconf 77' lang='lat' dir='ltr'>conminussiez</span> <span class='ocrx_word' id='word_1_60' title='bbox 763 1403 793 1464; x_wconf 84' lang='lat' dir='ltr'>la</span> <span class='ocrx_word' id='word_1_61' title='bbox 811 1405 897 1465; x_wconf 82' lang='lat' dir='ltr'>ebore</span> <span class='ocrx_word' id='word_1_62' title='bbox 918 1403 1044 1484; x_wconf 73' lang='lat' dir='ltr'>csend.</span> <span class='ocrx_word' id='word_1_63' title='bbox 1057 1449 1085 1466; x_wconf 91' lang='lat'>..</span> <span class='ocrx_word' id='word_1_64' title='bbox 1108 1429 1122 1460; x_wconf 88' lang='lat'>»</span> <span class='ocrx_word' id='word_1_65' title='bbox 1140 1403 1149 1483; x_wconf 91' lang='grc'>(</span> <span class='ocrx_word' id='word_1_66' title='bbox 1172 1408 1194 1480; x_wconf 93' lang='grc'>).</span> 
     </span>
    </p>

    <p class='ocr_par' dir='ltr' id='par_1_4' title="bbox 356 1511 1570 2226">
     <span class='ocr_line' id='line_1_9' title="bbox 397 1511 1568 1590; baseline -0.002 -18"><span class='ocrx_word' id='word_1_67' title='bbox 397 1513 541 1590; x_wconf 83' lang='lat' dir='ltr'>Namque</span> <span class='ocrx_word' id='word_1_68' title='bbox 558 1512 698 1585; x_wconf 75' lang='lat' dir='ltr'>CroziuS,</span> <span class='ocrx_word' id='word_1_69' title='bbox 714 1513 784 1590; x_wconf 88' lang='lat' dir='ltr'>ejus</span> <span class='ocrx_word' id='word_1_70' title='bbox 799 1512 924 1590; x_wconf 90' lang='lat' dir='ltr'>collega</span> <span class='ocrx_word' id='word_1_71' title='bbox 938 1517 969 1572; x_wconf 88' lang='lat' dir='ltr'>et</span> <span class='ocrx_word' id='word_1_72' title='bbox 984 1512 1118 1584; x_wconf 88' lang='lat' dir='ltr'>amicus,</span> <span class='ocrx_word' id='word_1_73' title='bbox 1135 1511 1291 1589; x_wconf 82' lang='lat' dir='ltr'>pertinaci</span> <span class='ocrx_word' id='word_1_74' title='bbox 1303 1511 1411 1571; x_wconf 91' lang='lat' dir='ltr'>animo</span> <span class='ocrx_word' id='word_1_75' title='bbox 1425 1511 1568 1589; x_wconf 83' lang='lat' dir='ltr'>linguam</span> 
     </span>
     <span class='ocr_line' id='line_1_10' title="bbox 358 1617 1569 1697; baseline -0.003 -17"><span class='ocrx_word' id='word_1_76' title='bbox 358 1619 470 1680; x_wconf 88' lang='lat' dir='ltr'>Ullllae</span> <span class='ocrx_word' id='word_1_77' title='bbox 491 1636 509 1679; x_wconf 88' lang='lat' dir='ltr'>a</span> <span class='ocrx_word' id='word_1_78' title='bbox 531 1619 671 1679; x_wconf 89' lang='lat' dir='ltr'>francica</span> <span class='ocrx_word' id='word_1_79' title='bbox 701 1619 822 1697; x_wconf 85' lang='lat' dir='ltr'>origine</span> <span class='ocrx_word' id='word_1_80' title='bbox 846 1618 1021 1680; x_wconf 87' lang='lat' dir='ltr'>derivatam</span> <span class='ocrx_word' id='word_1_81' title='bbox 1050 1636 1118 1679; x_wconf 89' lang='lat' dir='ltr'>esse</span> <span class='ocrx_word' id='word_1_82' title='bbox 1144 1617 1368 1692; x_wconf 78' lang='lat' dir='ltr'>contendebat,</span> <span class='ocrx_word' id='word_1_83' title='bbox 1390 1635 1472 1696; x_wconf 89' lang='lat' dir='ltr'>quae</span> <span class='ocrx_word' id='word_1_84' title='bbox 1498 1634 1569 1677; x_wconf 91' lang='lat' dir='ltr'>sen-</span> 
     </span>
     <span class='ocr_line' id='line_1_11' title="bbox 359 1724 1570 1804; baseline -0.001 -20"><span class='ocrx_word' id='word_1_85' title='bbox 359 1727 471 1798; x_wconf 87' lang='lat' dir='ltr'>tentia,</span> <span class='ocrx_word' id='word_1_86' title='bbox 488 1726 566 1786; x_wconf 91' lang='lat' dir='ltr'>olim</span> <span class='ocrx_word' id='word_1_87' title='bbox 580 1726 648 1803; x_wconf 90' lang='lat' dir='ltr'>jam</span> <span class='ocrx_word' id='word_1_88' title='bbox 664 1726 703 1786; x_wconf 91' lang='lat' dir='ltr'>ab</span> <span class='ocrx_word' id='word_1_89' title='bbox 721 1726 868 1786; x_wconf 90' lang='lat' dir='ltr'>Hickesio</span> <span class='ocrx_word' id='word_1_90' title='bbox 884 1726 948 1786; x_wconf 90' lang='lat' dir='ltr'>fere</span> <span class='ocrx_word' id='word_1_91' title='bbox 965 1726 1100 1804; x_wconf 89' lang='lat' dir='ltr'>prolata,</span> <span class='ocrx_word' id='word_1_92' title='bbox 1116 1743 1182 1786; x_wconf 91' lang='lat' dir='ltr'>non</span> <span class='ocrx_word' id='word_1_93' title='bbox 1200 1725 1296 1786; x_wconf 91' lang='lat' dir='ltr'>modo</span> <span class='ocrx_word' id='word_1_94' title='bbox 1317 1725 1466 1785; x_wconf 89' lang='lat' dir='ltr'>instabile</span> <span class='ocrx_word' id='word_1_95' title='bbox 1481 1724 1570 1784; x_wconf 86' lang='lat' dir='ltr'>Leib-</span> 
     </span>
     <span class='ocr_line' id='line_1_12' title="bbox 356 1829 1570 1911; baseline -0.003 -19"><span class='ocrx_word' id='word_1_96' title='bbox 356 1833 429 1892; x_wconf 91' lang='lat' dir='ltr'>nitii</span> <span class='ocrx_word' id='word_1_97' title='bbox 451 1831 612 1910; x_wconf 90' lang='lat' dir='ltr'>judicium</span> <span class='ocrx_word' id='word_1_98' title='bbox 635 1833 808 1907; x_wconf 80' lang='lat' dir='ltr'>concussit,</span> <span class='ocrx_word' id='word_1_99' title='bbox 830 1832 885 1894; x_wconf 92' lang='lat' dir='ltr'>sed</span> <span class='ocrx_word' id='word_1_100' title='bbox 908 1833 1006 1893; x_wconf 89' lang='lat' dir='ltr'>etiam</span> <span class='ocrx_word' id='word_1_101' title='bbox 1029 1833 1073 1892; x_wconf 87' lang='lat' dir='ltr'>ita</span> <span class='ocrx_word' id='word_1_102' title='bbox 1092 1832 1192 1911; x_wconf 88' lang='lat' dir='ltr'>gratia</span> <span class='ocrx_word' id='word_1_103' title='bbox 1208 1849 1285 1892; x_wconf 84' lang='lat' dir='ltr'>mox</span> <span class='ocrx_word' id='word_1_104' title='bbox 1309 1831 1421 1904; x_wconf 89' lang='lat' dir='ltr'>valuit,</span> <span class='ocrx_word' id='word_1_105' title='bbox 1448 1835 1484 1891; x_wconf 92' lang='lat' dir='ltr'>ut</span> <span class='ocrx_word' id='word_1_106' title='bbox 1503 1829 1570 1890; x_wconf 90' lang='lat' dir='ltr'>sola</span> 
     </span>
     <span class='ocr_line' id='line_1_13' title="bbox 360 1937 1569 2017; baseline -0.002 -18"><span class='ocrx_word' id='word_1_107' title='bbox 360 1939 493 1999; x_wconf 89' lang='lat' dir='ltr'>demum</span> <span class='ocrx_word' id='word_1_108' title='bbox 512 1937 613 1999; x_wconf 92' lang='lat' dir='ltr'>diluta</span> <span class='ocrx_word' id='word_1_109' title='bbox 636 1939 677 2000; x_wconf 88' lang='lat' dir='ltr'>sit</span> <span class='ocrx_word' id='word_1_110' title='bbox 696 1939 883 2000; x_wconf 87' lang='lat' dir='ltr'>auctoritate</span> <span class='ocrx_word' id='word_1_111' title='bbox 899 1939 1116 2017; x_wconf 87' lang='lat' dir='ltr'>probatissimi</span> <span class='ocrx_word' id='word_1_112' title='bbox 1136 1939 1195 1999; x_wconf 91' lang='lat' dir='ltr'>viri</span> <span class='ocrx_word' id='word_1_113' title='bbox 1219 1938 1301 2014; x_wconf 90' lang='lat' dir='ltr'>lhre,</span> <span class='ocrx_word' id='word_1_114' title='bbox 1323 1956 1387 2016; x_wconf 91' lang='lat' dir='ltr'>quo</span> <span class='ocrx_word' id='word_1_115' title='bbox 1402 1955 1469 1998; x_wconf 90' lang='lat' dir='ltr'>non</span> <span class='ocrx_word' id='word_1_116' title='bbox 1492 1938 1569 1998; x_wconf 91' lang='lat' dir='ltr'>alter</span> 
     </span>
     <span class='ocr_line' id='line_1_14' title="bbox 360 2043 1569 2124; baseline -0.002 -18"><span class='ocrx_word' id='word_1_117' title='bbox 360 2045 621 2106; x_wconf 87' lang='lat' dir='ltr'>duodevicesimo</span> <span class='ocrx_word' id='word_1_118' title='bbox 642 2046 770 2106; x_wconf 90' lang='lat' dir='ltr'>saeculo</span> <span class='ocrx_word' id='word_1_119' title='bbox 792 2047 936 2124; x_wconf 87' lang='lat' dir='ltr'>goticum</span> <span class='ocrx_word' id='word_1_120' title='bbox 961 2046 1078 2106; x_wconf 91' lang='lat' dir='ltr'>melius</span> <span class='ocrx_word' id='word_1_121' title='bbox 1101 2046 1201 2118; x_wconf 91' lang='lat' dir='ltr'>novit,</span> <span class='ocrx_word' id='word_1_122' title='bbox 1222 2063 1292 2118; x_wconf 87' lang='lat' dir='ltr'>nec,</span> <span class='ocrx_word' id='word_1_123' title='bbox 1317 2049 1352 2105; x_wconf 90' lang='lat' dir='ltr'>ut</span> <span class='ocrx_word' id='word_1_124' title='bbox 1374 2063 1471 2123; x_wconf 90' lang='lat' dir='ltr'>supra</span> <span class='ocrx_word' id='word_1_125' title='bbox 1490 2043 1569 2106; x_wconf 83' lang='lat' dir='ltr'>dixi-</span> 
     </span>
     <span class='ocr_line' id='line_1_15' title="bbox 365 2152 1178 2226; baseline -0.002 -14"><span class='ocrx_word' id='word_1_126' title='bbox 365 2170 449 2224; x_wconf 92' lang='lat' dir='ltr'>mus,</span> <span class='ocrx_word' id='word_1_127' title='bbox 471 2156 543 2212; x_wconf 90' lang='lat' dir='ltr'>ante</span> <span class='ocrx_word' id='word_1_128' title='bbox 558 2170 679 2212; x_wconf 91' lang='lat' dir='ltr'>annum</span> <span class='ocrx_word' id='word_1_129' title='bbox 696 2154 773 2212; x_wconf 74' lang='lat' dir='ltr'>tlbt</span> <span class='ocrx_word' id='word_1_130' title='bbox 790 2154 999 2212; x_wconf 81' lang='lat' dir='ltr'>consociares</span> <span class='ocrx_word' id='word_1_131' title='bbox 1016 2152 1111 2212; x_wconf 89' lang='lat' dir='ltr'>luerit</span> <span class='ocrx_word' id='word_1_132' title='bbox 1124 2153 1178 2226; x_wconf 82' lang='lat'><strong>(3).</strong></span> 
     </span>
    </p>

    <p class='ocr_par' dir='ltr' id='par_1_5' title="bbox 358 2258 1571 2976">
     <span class='ocr_line' id='line_1_16' title="bbox 397 2258 1568 2338; baseline -0.001 -19"><span class='ocrx_word' id='word_1_133' title='bbox 397 2261 493 2319; x_wconf 89' lang='lat' dir='ltr'>Plane</span> <span class='ocrx_word' id='word_1_134' title='bbox 514 2260 611 2338; x_wconf 90' lang='lat' dir='ltr'>igitur</span> <span class='ocrx_word' id='word_1_135' title='bbox 633 2263 773 2337; x_wconf 88' lang='lat' dir='ltr'>apparet,</span> <span class='ocrx_word' id='word_1_136' title='bbox 798 2262 955 2337; x_wconf 89' lang='lat' dir='ltr'>quantum</span> <span class='ocrx_word' id='word_1_137' title='bbox 981 2258 1076 2319; x_wconf 87' lang='lat' dir='ltr'>distet</span> <span class='ocrx_word' id='word_1_138' title='bbox 1097 2259 1265 2319; x_wconf 88' lang='lat' dir='ltr'>haesitatio</span> <span class='ocrx_word' id='word_1_139' title='bbox 1281 2259 1360 2320; x_wconf 87' lang='lat' dir='ltr'>haee</span> <span class='ocrx_word' id='word_1_140' title='bbox 1384 2279 1401 2320; x_wconf 93' lang='lat' dir='ltr'>a</span> <span class='ocrx_word' id='word_1_141' title='bbox 1421 2261 1513 2319; x_wconf 88' lang='lat' dir='ltr'>firma</span> <span class='ocrx_word' id='word_1_142' title='bbox 1538 2262 1568 2318; x_wconf 91' lang='lat' dir='ltr'>et</span> 
     </span>
     <span class='ocr_line' id='line_1_17' title="bbox 361 2366 1568 2444; baseline -0.001 -17"><span class='ocrx_word' id='word_1_143' title='bbox 361 2368 568 2444; x_wconf 89' lang='lat' dir='ltr'>comprobata</span> <span class='ocrx_word' id='word_1_144' title='bbox 589 2366 757 2438; x_wconf 89' lang='lat' dir='ltr'>sententia,</span> <span class='ocrx_word' id='word_1_145' title='bbox 783 2367 925 2425; x_wconf 86' lang='lat' dir='ltr'>Morbotii</span> <span class='ocrx_word' id='word_1_146' title='bbox 946 2366 1054 2425; x_wconf 90' lang='lat' dir='ltr'>animo</span> <span class='ocrx_word' id='word_1_147' title='bbox 1074 2366 1202 2443; x_wconf 87' lang='lat' dir='ltr'>penitus</span> <span class='ocrx_word' id='word_1_148' title='bbox 1226 2366 1300 2426; x_wconf 92' lang='lat' dir='ltr'>inde</span> <span class='ocrx_word' id='word_1_149' title='bbox 1324 2368 1363 2426; x_wconf 90' lang='lat' dir='ltr'>ab</span> <span class='ocrx_word' id='word_1_150' title='bbox 1384 2367 1568 2426; x_wconf 90' lang='lat' dir='ltr'>ineuntibus</span> 
     </span>
     <span class='ocr_line' id='line_1_18' title="bbox 360 2471 1571 2549; baseline -0.002 -15"><span class='ocrx_word' id='word_1_151' title='bbox 360 2474 474 2535; x_wconf 90' lang='lat' dir='ltr'>studiis</span> <span class='ocrx_word' id='word_1_152' title='bbox 489 2474 585 2533; x_wconf 90' lang='lat' dir='ltr'>insita</span> <span class='ocrx_word' id='word_1_153' title='bbox 599 2471 685 2532; x_wconf 90' lang='lat' dir='ltr'>baud</span> <span class='ocrx_word' id='word_1_154' title='bbox 702 2490 793 2532; x_wconf 90' lang='lat' dir='ltr'>secus</span> <span class='ocrx_word' id='word_1_155' title='bbox 815 2489 852 2532; x_wconf 87' lang='lat' dir='ltr'>ao</span> <span class='ocrx_word' id='word_1_156' title='bbox 867 2472 966 2532; x_wconf 91' lang='lat' dir='ltr'>menti</span> <span class='ocrx_word' id='word_1_157' title='bbox 983 2472 1153 2532; x_wconf 89' lang='lat' dir='ltr'>venerandi</span> <span class='ocrx_word' id='word_1_158' title='bbox 1170 2473 1328 2532; x_wconf 87' lang='lat' dir='ltr'>Francisei</span> <span class='ocrx_word' id='word_1_159' title='bbox 1343 2474 1360 2535; x_wconf 84' lang='lat' dir='ltr'>J</span> <span class='ocrx_word' id='word_1_160' title='bbox 1364 2473 1431 2532; x_wconf 92' lang='lat' dir='ltr'>unii</span> <span class='ocrx_word' id='word_1_161' title='bbox 1446 2491 1452 2532; x_wconf 92' lang='lat'><strong>:</strong></span> <span class='ocrx_word' id='word_1_162' title='bbox 1471 2490 1571 2549; x_wconf 88' lang='lat' dir='ltr'>quun-</span> 
     </span>
     <span class='ocr_line' id='line_1_19' title="bbox 358 2579 1566 2658; baseline -0.002 -18"><span class='ocrx_word' id='word_1_163' title='bbox 358 2585 428 2641; x_wconf 91' lang='lat' dir='ltr'>tum</span> <span class='ocrx_word' id='word_1_164' title='bbox 455 2579 551 2639; x_wconf 89' lang='lat' dir='ltr'>distet</span> <span class='ocrx_word' id='word_1_165' title='bbox 575 2579 762 2657; x_wconf 87' lang='lat' dir='ltr'>praesertim</span> <span class='ocrx_word' id='word_1_166' title='bbox 788 2579 826 2638; x_wconf 87' lang='lat' dir='ltr'>ab</span> <span class='ocrx_word' id='word_1_167' title='bbox 848 2579 908 2638; x_wconf 87' lang='lat' dir='ltr'>ista</span> <span class='ocrx_word' id='word_1_168' title='bbox 931 2579 961 2637; x_wconf 92' lang='lat' dir='ltr'>vi</span> <span class='ocrx_word' id='word_1_169' title='bbox 988 2583 1018 2638; x_wconf 89' lang='lat' dir='ltr'>et</span> <span class='ocrx_word' id='word_1_170' title='bbox 1042 2579 1202 2638; x_wconf 86' lang='lat' dir='ltr'>celeritate</span> <span class='ocrx_word' id='word_1_171' title='bbox 1227 2579 1359 2656; x_wconf 90' lang='lat' dir='ltr'>ingenii,</span> <span class='ocrx_word' id='word_1_172' title='bbox 1381 2580 1474 2658; x_wconf 89' lang='lat' dir='ltr'>cujus</span> <span class='ocrx_word' id='word_1_173' title='bbox 1498 2580 1566 2639; x_wconf 89' lang='lat' dir='ltr'>laus</span> 
     </span>
     <span class='ocr_line' id='line_1_20' title="bbox 358 2684 1569 2766; baseline -0.003 -18"><span class='ocrx_word' id='word_1_174' title='bbox 358 2689 549 2766; x_wconf 90' lang='lat' dir='ltr'>plerumque</span> <span class='ocrx_word' id='word_1_175' title='bbox 575 2687 726 2746; x_wconf 87' lang='lat' dir='ltr'>tribuitur</span> <span class='ocrx_word' id='word_1_176' title='bbox 753 2686 921 2758; x_wconf 78' lang='lat' dir='ltr'>leibnitio,</span> <span class='ocrx_word' id='word_1_177' title='bbox 947 2684 1077 2758; x_wconf 87' lang='lat' dir='ltr'>valenti,</span> <span class='ocrx_word' id='word_1_178' title='bbox 1110 2689 1146 2745; x_wconf 87' lang='lat' dir='ltr'>ut</span> <span class='ocrx_word' id='word_1_179' title='bbox 1172 2686 1262 2746; x_wconf 87' lang='lat' dir='ltr'>aiunt</span> <span class='ocrx_word' id='word_1_180' title='bbox 1292 2685 1436 2764; x_wconf 90' lang='lat' dir='ltr'>quidam,</span> <span class='ocrx_word' id='word_1_181' title='bbox 1466 2687 1569 2764; x_wconf 92' lang='lat' dir='ltr'>primo</span> 
     </span>
     <span class='ocr_line' id='line_1_21' title="bbox 359 2791 1570 2870; baseline 0 -17"><span class='ocrx_word' id='word_1_182' title='bbox 359 2793 486 2853; x_wconf 88' lang='lat' dir='ltr'>decreto</span> <span class='ocrx_word' id='word_1_183' title='bbox 503 2797 533 2852; x_wconf 87' lang='lat' dir='ltr'>et</span> <span class='ocrx_word' id='word_1_184' title='bbox 546 2792 690 2870; x_wconf 88' lang='lat' dir='ltr'>legitima</span> <span class='ocrx_word' id='word_1_185' title='bbox 712 2792 900 2852; x_wconf 87' lang='lat' dir='ltr'>auctoritate</span> <span class='ocrx_word' id='word_1_186' title='bbox 923 2808 980 2851; x_wconf 90' lang='lat' dir='ltr'>sua</span> <span class='ocrx_word' id='word_1_187' title='bbox 1001 2792 1091 2851; x_wconf 90' lang='lat' dir='ltr'>litem</span> <span class='ocrx_word' id='word_1_188' title='bbox 1105 2791 1264 2863; x_wconf 80' lang='lat' dir='ltr'>dirimere,</span> <span class='ocrx_word' id='word_1_189' title='bbox 1282 2792 1440 2869; x_wconf 92' lang='lat' dir='ltr'>quidquid</span> <span class='ocrx_word' id='word_1_190' title='bbox 1457 2794 1570 2854; x_wconf 90' lang='lat' dir='ltr'>obscu-</span> 
     </span>
     <span class='ocr_line' id='line_1_22' title="bbox 359 2897 1569 2976; baseline -0.002 -16"><span class='ocrx_word' id='word_1_191' title='bbox 359 2917 432 2960; x_wconf 91' lang='lat' dir='ltr'>rum</span> <span class='ocrx_word' id='word_1_192' title='bbox 451 2903 533 2959; x_wconf 90' lang='lat' dir='ltr'>esset</span> <span class='ocrx_word' id='word_1_193' title='bbox 550 2899 721 2970; x_wconf 90' lang='lat' dir='ltr'>illustrare,</span> <span class='ocrx_word' id='word_1_194' title='bbox 743 2902 774 2958; x_wconf 86' lang='lat' dir='ltr'>et</span> <span class='ocrx_word' id='word_1_195' title='bbox 793 2897 832 2957; x_wconf 90' lang='lat' dir='ltr'>ad</span> <span class='ocrx_word' id='word_1_196' title='bbox 852 2915 1018 2958; x_wconf 91' lang='lat' dir='ltr'>summum</span> <span class='ocrx_word' id='word_1_197' title='bbox 1033 2902 1154 2958; x_wconf 87' lang='lat' dir='ltr'>certam</span> <span class='ocrx_word' id='word_1_198' title='bbox 1168 2899 1213 2958; x_wconf 92' lang='lat' dir='ltr'>rei</span> <span class='ocrx_word' id='word_1_199' title='bbox 1227 2899 1377 2958; x_wconf 90' lang='lat' dir='ltr'>notitiam</span> <span class='ocrx_word' id='word_1_200' title='bbox 1390 2901 1569 2976; x_wconf 86' lang='lat' dir='ltr'>praefinire.</span> 
     </span>
    </p>

    <p class='ocr_par' dir='ltr' id='par_1_6' title="bbox 359 3004 1573 3829">
     <span class='ocr_line' id='line_1_23' title="bbox 398 3004 1571 3083; baseline 0 -19"><span class='ocrx_word' id='word_1_201' title='bbox 398 3006 499 3064; x_wconf 91' lang='lat' dir='ltr'>Immo</span> <span class='ocrx_word' id='word_1_202' title='bbox 516 3021 628 3064; x_wconf 90' lang='lat' dir='ltr'>verum</span> <span class='ocrx_word' id='word_1_203' title='bbox 646 3009 703 3077; x_wconf 88' lang='lat' dir='ltr'>est,</span> <span class='ocrx_word' id='word_1_204' title='bbox 725 3004 832 3076; x_wconf 93' lang='lat' dir='ltr'>illum,</span> <span class='ocrx_word' id='word_1_205' title='bbox 855 3004 1011 3081; x_wconf 88' lang='lat' dir='ltr'>quamdiu</span> <span class='ocrx_word' id='word_1_206' title='bbox 1026 3005 1115 3077; x_wconf 87' lang='lat' dir='ltr'>vixit,</span> <span class='ocrx_word' id='word_1_207' title='bbox 1139 3005 1172 3065; x_wconf 92' lang='lat' dir='ltr'>in</span> <span class='ocrx_word' id='word_1_208' title='bbox 1194 3005 1292 3065; x_wconf 91' lang='lat' dir='ltr'>dubio</span> <span class='ocrx_word' id='word_1_209' title='bbox 1308 3007 1476 3078; x_wconf 89' lang='lat' dir='ltr'>mansisse,</span> <span class='ocrx_word' id='word_1_210' title='bbox 1495 3005 1571 3083; x_wconf 91' lang='lat' dir='ltr'>quid</span> 
     </span>
     <span class='ocr_line' id='line_1_24' title="bbox 360 3111 1571 3190; baseline -0.001 -18"><span class='ocrx_word' id='word_1_211' title='bbox 360 3117 443 3173; x_wconf 88' lang='lat' dir='ltr'>esset</span> <span class='ocrx_word' id='word_1_212' title='bbox 457 3112 561 3189; x_wconf 90' lang='lat' dir='ltr'>reipsa</span> <span class='ocrx_word' id='word_1_213' title='bbox 576 3111 730 3190; x_wconf 81' lang='lat' dir='ltr'>geticum,</span> <span class='ocrx_word' id='word_1_214' title='bbox 747 3129 811 3188; x_wconf 91' lang='lat' dir='ltr'>quo</span> <span class='ocrx_word' id='word_1_215' title='bbox 828 3111 957 3170; x_wconf 90' lang='lat' dir='ltr'>vinculo</span> <span class='ocrx_word' id='word_1_216' title='bbox 973 3111 1102 3172; x_wconf 86' lang='lat' dir='ltr'>haerere</span> <span class='ocrx_word' id='word_1_217' title='bbox 1121 3113 1204 3171; x_wconf 92' lang='lat' dir='ltr'>inter</span> <span class='ocrx_word' id='word_1_218' title='bbox 1219 3130 1251 3172; x_wconf 88' lang='lat' dir='ltr'>se</span> <span class='ocrx_word' id='word_1_219' title='bbox 1265 3113 1447 3190; x_wconf 89' lang='lat' dir='ltr'>potuissent</span> <span class='ocrx_word' id='word_1_220' title='bbox 1461 3114 1571 3174; x_wconf 88' lang='lat' dir='ltr'>Ultilas</span> 
     </span>
     <span class='ocr_line' id='line_1_25' title="bbox 359 3216 1570 3298; baseline 0 -20"><span class='ocrx_word' id='word_1_221' title='bbox 359 3223 391 3278; x_wconf 92' lang='lat' dir='ltr'>et</span> <span class='ocrx_word' id='word_1_222' title='bbox 407 3216 510 3279; x_wconf 74' lang='lat' dir='ltr'>Codex</span> <span class='ocrx_word' id='word_1_223' title='bbox 530 3219 711 3297; x_wconf 77' lang='lat' dir='ltr'>Arqentcus,</span> <span class='ocrx_word' id='word_1_224' title='bbox 735 3221 765 3276; x_wconf 91' lang='lat' dir='ltr'>et</span> <span class='ocrx_word' id='word_1_225' title='bbox 789 3216 919 3277; x_wconf 89' lang='lat' dir='ltr'>tandem</span> <span class='ocrx_word' id='word_1_226' title='bbox 937 3217 1121 3290; x_wconf 87' lang='lat' dir='ltr'>decessisse,</span> <span class='ocrx_word' id='word_1_227' title='bbox 1146 3219 1266 3279; x_wconf 89' lang='lat' dir='ltr'>incerta</span> <span class='ocrx_word' id='word_1_228' title='bbox 1282 3221 1482 3296; x_wconf 87' lang='lat' dir='ltr'>quaestione,</span> <span class='ocrx_word' id='word_1_229' title='bbox 1500 3221 1570 3298; x_wconf 92' lang='lat' dir='ltr'>opi-</span> 
     </span>
     <span class='ocr_line' id='line_1_26' title="bbox 359 3323 1570 3406; baseline 0.002 -21"><span class='ocrx_word' id='word_1_230' title='bbox 359 3327 457 3385; x_wconf 91' lang='lat' dir='ltr'>nione</span> <span class='ocrx_word' id='word_1_231' title='bbox 477 3329 591 3384; x_wconf 90' lang='lat' dir='ltr'>neutro</span> <span class='ocrx_word' id='word_1_232' title='bbox 613 3324 776 3383; x_wconf 86' lang='lat' dir='ltr'>inclinata.</span> <span class='ocrx_word' id='word_1_233' title='bbox 800 3323 846 3383; x_wconf 79' lang='lat' dir='ltr'>ab</span> <span class='ocrx_word' id='word_1_234' title='bbox 868 3324 990 3401; x_wconf 82' lang='lat' dir='ltr'>origine</span> <span class='ocrx_word' id='word_1_235' title='bbox 1006 3327 1190 3401; x_wconf 88' lang='lat' dir='ltr'>germanica</span> <span class='ocrx_word' id='word_1_236' title='bbox 1206 3325 1382 3386; x_wconf 84' lang='lat' dir='ltr'>derivatam</span> <span class='ocrx_word' id='word_1_237' title='bbox 1405 3345 1473 3387; x_wconf 91' lang='lat' dir='ltr'>esse</span> <span class='ocrx_word' id='word_1_238' title='bbox 1489 3329 1570 3406; x_wconf 89' lang='lat' dir='ltr'>goti-</span> 
     </span>
     <span class='ocr_line' id='line_1_27' title="bbox 362 3429 1569 3512; baseline 0.001 -20"><span class='ocrx_word' id='word_1_239' title='bbox 362 3449 433 3492; x_wconf 91' lang='lat' dir='ltr'>oam</span> <span class='ocrx_word' id='word_1_240' title='bbox 450 3431 593 3508; x_wconf 88' lang='lat' dir='ltr'>linguam</span> <span class='ocrx_word' id='word_1_241' title='bbox 611 3434 718 3507; x_wconf 86' lang='lat' dir='ltr'>aperto</span> <span class='ocrx_word' id='word_1_242' title='bbox 738 3429 973 3507; x_wconf 89' lang='lat' dir='ltr'>propemodum</span> <span class='ocrx_word' id='word_1_243' title='bbox 991 3429 1114 3507; x_wconf 88' lang='lat' dir='ltr'>judicio</span> <span class='ocrx_word' id='word_1_244' title='bbox 1135 3432 1316 3505; x_wconf 83' lang='lat' dir='ltr'>affirmavit,</span> <span class='ocrx_word' id='word_1_245' title='bbox 1333 3450 1399 3492; x_wconf 93' lang='lat' dir='ltr'>non</span> <span class='ocrx_word' id='word_1_246' title='bbox 1414 3434 1569 3512; x_wconf 89' lang='lat' dir='ltr'>amplius;</span> 
     </span>
     <span class='ocr_line' id='line_1_28' title="bbox 362 3535 1572 3616; baseline 0.002 -19"><span class='ocrx_word' id='word_1_247' title='bbox 362 3555 425 3615; x_wconf 96' lang='lat' dir='ltr'>quo</span> <span class='ocrx_word' id='word_1_248' title='bbox 437 3541 545 3597; x_wconf 89' lang='lat' dir='ltr'>tamen</span> <span class='ocrx_word' id='word_1_249' title='bbox 560 3536 675 3614; x_wconf 90' lang='lat' dir='ltr'>posito,</span> <span class='ocrx_word' id='word_1_250' title='bbox 690 3553 767 3595; x_wconf 78' lang='lat' dir='ltr'>inor</span> <span class='ocrx_word' id='word_1_251' title='bbox 779 3535 955 3613; x_wconf 87' lang='lat' dir='ltr'>apparebit,</span> <span class='ocrx_word' id='word_1_252' title='bbox 971 3553 1050 3612; x_wconf 89' lang='lat' dir='ltr'>quas</span> <span class='ocrx_word' id='word_1_253' title='bbox 1064 3537 1171 3596; x_wconf 92' lang='lat' dir='ltr'>animo</span> <span class='ocrx_word' id='word_1_254' title='bbox 1188 3537 1355 3597; x_wconf 88' lang='lat' dir='ltr'>retinuerit</span> <span class='ocrx_word' id='word_1_255' title='bbox 1370 3539 1572 3616; x_wconf 88' lang='lat' dir='ltr'>exceptiones</span> 
     </span>
     <span class='ocr_line' id='line_1_29' title="bbox 363 3640 1573 3721; baseline 0.001 -17"><span class='ocrx_word' id='word_1_256' title='bbox 363 3645 538 3704; x_wconf 87' lang='lat' dir='ltr'>sententiae</span> <span class='ocrx_word' id='word_1_257' title='bbox 552 3644 645 3714; x_wconf 88' lang='lat' dir='ltr'>latae,</span> <span class='ocrx_word' id='word_1_258' title='bbox 663 3646 742 3720; x_wconf 92' lang='lat' dir='ltr'>quot</span> <span class='ocrx_word' id='word_1_259' title='bbox 758 3641 856 3700; x_wconf 87' lang='lat' dir='ltr'>dubia</span> <span class='ocrx_word' id='word_1_260' title='bbox 872 3640 909 3700; x_wconf 92' lang='lat' dir='ltr'>de</span> <span class='ocrx_word' id='word_1_261' title='bbox 926 3641 1115 3703; x_wconf 88' lang='lat' dir='ltr'>collocando</span> <span class='ocrx_word' id='word_1_262' title='bbox 1133 3643 1239 3721; x_wconf 92' lang='lat' dir='ltr'>gotico</span> <span class='ocrx_word' id='word_1_263' title='bbox 1254 3660 1400 3702; x_wconf 90' lang='lat' dir='ltr'>sermone</span> <span class='ocrx_word' id='word_1_264' title='bbox 1414 3644 1498 3704; x_wconf 89' lang='lat' dir='ltr'>inter</span> <span class='ocrx_word' id='word_1_265' title='bbox 1513 3646 1573 3705; x_wconf 93' lang='lat' dir='ltr'>lin·</span> 
     </span>
     <span class='ocr_line' id='line_1_30' title="bbox 365 3750 667 3829; baseline -0.007 -19"><span class='ocrx_word' id='word_1_266' title='bbox 365 3769 443 3828; x_wconf 88' lang='lat' dir='ltr'>guas</span> <span class='ocrx_word' id='word_1_267' title='bbox 458 3750 667 3829; x_wconf 76' lang='lat' dir='ltr'>germanicae.</span> 
     </span>
    </p>

    <p class='ocr_par' dir='ltr' id='par_1_7' title="bbox 365 3853 1576 4249">
     <span class='ocr_line' id='line_1_31' title="bbox 402 3853 1574 3933; baseline 0.001 -16"><span class='ocrx_word' id='word_1_268' title='bbox 402 3858 488 3930; x_wconf 86' lang='lat' dir='ltr'>Quae</span> <span class='ocrx_word' id='word_1_269' title='bbox 514 3858 618 3917; x_wconf 81' lang='lat' dir='ltr'>fusius</span> <span class='ocrx_word' id='word_1_270' title='bbox 641 3855 817 3933; x_wconf 89' lang='lat' dir='ltr'>singularia</span> <span class='ocrx_word' id='word_1_271' title='bbox 842 3853 912 3914; x_wconf 91' lang='lat' dir='ltr'>ideo</span> <span class='ocrx_word' id='word_1_272' title='bbox 938 3855 1215 3931; x_wconf 87' lang='lat' dir='ltr'>perlustravimus,</span> <span class='ocrx_word' id='word_1_273' title='bbox 1243 3859 1289 3928; x_wconf 90' lang='lat' dir='ltr'>ut,</span> <span class='ocrx_word' id='word_1_274' title='bbox 1314 3873 1380 3915; x_wconf 92' lang='lat' dir='ltr'>non</span> <span class='ocrx_word' id='word_1_275' title='bbox 1401 3856 1574 3918; x_wconf 89' lang='lat' dir='ltr'>mediocris</span> 
     </span>
     <span class='ocr_line' id='line_1_32' title="bbox 365 3962 1575 4043; baseline 0 -18"><span class='ocrx_word' id='word_1_276' title='bbox 365 3965 523 4026; x_wconf 91' lang='lat' dir='ltr'>momenti</span> <span class='ocrx_word' id='word_1_277' title='bbox 539 3964 578 4024; x_wconf 89' lang='lat' dir='ltr'>ad</span> <span class='ocrx_word' id='word_1_278' title='bbox 598 3962 762 4023; x_wconf 89' lang='lat' dir='ltr'>tractanda</span> <span class='ocrx_word' id='word_1_279' title='bbox 777 3962 882 4022; x_wconf 88' lang='lat' dir='ltr'>studia</span> <span class='ocrx_word' id='word_1_280' title='bbox 902 3962 1084 4039; x_wconf 87' lang='lat' dir='ltr'>germanica</span> <span class='ocrx_word' id='word_1_281' title='bbox 1105 3962 1211 4021; x_wconf 90' lang='lat' dir='ltr'>soluta</span> <span class='ocrx_word' id='word_1_282' title='bbox 1228 3964 1426 4040; x_wconf 84' lang='lat' dir='ltr'>quaestione,</span> <span class='ocrx_word' id='word_1_283' title='bbox 1443 3965 1575 4043; x_wconf 90' lang='lat' dir='ltr'>insuper</span> 
     </span>
     <span class='ocr_line' id='line_1_33' title="bbox 365 4069 1576 4149; baseline 0.001 -17"><span class='ocrx_word' id='word_1_284' title='bbox 365 4073 428 4133; x_wconf 91' lang='lat' dir='ltr'>hoo</span> <span class='ocrx_word' id='word_1_285' title='bbox 452 4072 599 4149; x_wconf 86' lang='lat' dir='ltr'>exemplo</span> <span class='ocrx_word' id='word_1_286' title='bbox 623 4071 717 4148; x_wconf 87' lang='lat' dir='ltr'>plane</span> <span class='ocrx_word' id='word_1_287' title='bbox 742 4086 883 4148; x_wconf 89' lang='lat' dir='ltr'>congruo</span> <span class='ocrx_word' id='word_1_288' title='bbox 912 4073 1081 4141; x_wconf 87' lang='lat' dir='ltr'>constaret,</span> <span class='ocrx_word' id='word_1_289' title='bbox 1107 4073 1265 4146; x_wconf 90' lang='lat' dir='ltr'>quantum</span> <span class='ocrx_word' id='word_1_290' title='bbox 1296 4069 1439 4130; x_wconf 86' lang='lat' dir='ltr'>diffidere</span> <span class='ocrx_word' id='word_1_291' title='bbox 1466 4071 1576 4133; x_wconf 89' lang='lat' dir='ltr'>deceat</span> 
     </span>
     <span class='ocr_line' id='line_1_34' title="bbox 366 4175 1575 4249; baseline 0 -9"><span class='ocrx_word' id='word_1_292' title='bbox 366 4178 549 4240; x_wconf 89' lang='lat' dir='ltr'>immodicis</span> <span class='ocrx_word' id='word_1_293' title='bbox 570 4177 719 4238; x_wconf 89' lang='lat' dir='ltr'>Leibnitii</span> <span class='ocrx_word' id='word_1_294' title='bbox 734 4175 1002 4248; x_wconf 89' lang='lat' dir='ltr'>aestimatoribus,</span> <span class='ocrx_word' id='word_1_295' title='bbox 1020 4193 1094 4235; x_wconf 91' lang='lat' dir='ltr'>oum</span> <span class='ocrx_word' id='word_1_296' title='bbox 1110 4175 1315 4249; x_wconf 88' lang='lat' dir='ltr'>contendant,</span> <span class='ocrx_word' id='word_1_297' title='bbox 1333 4176 1459 4237; x_wconf 86' lang='lat' dir='ltr'>favente</span> <span class='ocrx_word' id='word_1_298' title='bbox 1478 4177 1575 4241; x_wconf 91' lang='lat' dir='ltr'>hodie</span> 
     </span>
    </p>
   </div>
   <div class='ocr_carea' id='block_1_3' title="bbox 1265 4357 1567 4369">
    <p class='ocr_par' dir='ltr' id='par_1_8' title="bbox 1265 4357 1567 4369">
     <span class='ocr_line' id='line_1_35' title="bbox 1265 4357 1567 4369; baseline -0.007 -1"><span class='ocrx_word' id='word_1_299' title='bbox 1265 4357 1567 4369; x_wconf 53' lang='grc'>*-</span> 
     </span>
    </p>
   </div>
   <div class='ocr_carea' id='block_1_4' title="bbox 399 4455 812 4710">
    <p class='ocr_par' dir='ltr' id='par_1_9' title="bbox 399 4455 812 4710">
     <span class='ocr_line' id='line_1_36' title="bbox 399 4455 812 4520; baseline -0.002 -15"><span class='ocrx_word' id='word_1_300' title='bbox 399 4456 434 4520; x_wconf 72' lang='grc'>(1)</span> <span class='ocrx_word' id='word_1_301' title='bbox 454 4455 524 4515; x_wconf 73' lang='lat' dir='ltr'>Dat,</span> <span class='ocrx_word' id='word_1_302' title='bbox 538 4455 579 4514; x_wconf 91' lang='lat' dir='ltr'>Vl,</span> <span class='ocrx_word' id='word_1_303' title='bbox 593 4467 655 4519; x_wconf 86' lang='lat' dir='ltr'>pars</span> <span class='ocrx_word' id='word_1_304' title='bbox 671 4457 694 4514; x_wconf 83' lang='lat'>2,</span> <span class='ocrx_word' id='word_1_305' title='bbox 710 4467 737 4519; x_wconf 93' lang='lat' dir='ltr'>p.</span> <span class='ocrx_word' id='word_1_306' title='bbox 755 4455 812 4504; x_wconf 75' lang='lat'>196.</span> 
     </span>
     <span class='ocr_line' id='line_1_37' title="bbox 400 4547 641 4613; baseline -0.004 -16"><span class='ocrx_word' id='word_1_307' title='bbox 400 4550 436 4613; x_wconf 78' lang='lat'>(2)</span> <span class='ocrx_word' id='word_1_308' title='bbox 454 4547 529 4608; x_wconf 75' lang='lat' dir='ltr'>ltin,</span> <span class='ocrx_word' id='word_1_309' title='bbox 541 4548 572 4608; x_wconf 90' lang='lat' dir='ltr'>V,</span> <span class='ocrx_word' id='word_1_310' title='bbox 584 4551 641 4598; x_wconf 76' lang='lat' dir='ltr'>bil.</span> 
     </span>
     <span class='ocr_line' id='line_1_38' title="bbox 401 4641 704 4710; baseline -0.003 -17"><span class='ocrx_word' id='word_1_311' title='bbox 401 4641 436 4710; x_wconf 82' lang='grc'>(3)</span> <span class='ocrx_word' id='word_1_312' title='bbox 457 4641 493 4693; x_wconf 85' lang='lat' dir='ltr'>cl.</span> <span class='ocrx_word' id='word_1_313' title='bbox 508 4644 632 4703; x_wconf 83' lang='lat' dir='ltr'>Raumer,</span> <span class='ocrx_word' id='word_1_314' title='bbox 647 4644 704 4694; x_wconf 78' lang='lat'>203.</span> 
     </span>
    </p>
   </div>
   <div class='ocr_carea' id='block_1_5' title="bbox 0 0 1749 5444">
    <p class='ocr_par' dir='ltr' id='par_1_10' title="bbox 0 0 1749 5444">
     <span class='ocr_line' id='line_1_39' title="bbox 0 0 1749 5444; baseline 0 0"><span class='ocrx_word' id='word_1_315' title='bbox 0 0 1749 5444; x_wconf 95' lang='lat' dir='ltr'> </span> 
     </span>
    </p>
   </div>
  </div>
 </body>
</html>
