3462 5452
681 565 871 648 ...433-

168 739 248 796 esse,
277 747 291 779 «
307 721 380 784 weil
405 721 449 782 sie
474 722 542 783 sich
564 722 655 782 nicht
681 726 826 800 getrauet
853 722 886 782 in
915 719 970 780 der
996 717 1219 783 Lateinischen
1244 712 1383 796 Sprache

167 838 267 892 etwas
290 831 449 908 tiichtiges
474 830 727 901 ausszurichten,
745 829 784 888 da
800 829 877 888 alles
894 827 1038 888 damahls
1063 827 1095 885 iu
1115 827 1217 885 vollcr
1236 824 1382 884 Barbarie

168 955 235 998 war
249 961 264 991 »
280 937 334 1015 (1).

205 1045 291 1118 Quid
315 1047 426 1123 postea
450 1062 579 1122 quoque
603 1043 642 1104 ad
666 1061 735 1104 eam
753 1041 976 1121 expoliandam
997 1041 1134 1101 Bembus
1159 1038 1201 1119 (ἓ)
1224 1057 1261 1099 ac
1282 1039 1382 1116 potis-

167 1154 286 1214 simum
310 1151 480 1212 Academia
502 1150 586 1212 dicta
612 1175 627 1206 a
649 1149 734 1210 della
757 1149 874 1210 Crusca
890 1171 904 1202 »
923 1149 965 1224 (3)
989 1147 1196 1218 contulerint,
1217 1145 1303 1206 haud
1323 1145 1380 1204 mi-

167 1278 228 1320 nus
258 1257 468 1337 aequabiliter
495 1261 652 1316 memorat
673 1273 733 1316 nec
760 1256 879 1315 invitus
904 1255 1032 1327 fatetur,
1058 1271 1127 1314 earn
1149 1253 1382 1314 recentioribus

167 1365 367 1442 temporibus
382 1361 421 1422 ad
437 1379 598 1423 summum
613 1362 710 1423 decus
726 1361 943 1438 eximiumque
958 1361 1094 1421 nitorem
1110 1377 1177 1420 esse
1194 1357 1378 1430 adductam,
1478 1401 1482 1408 .

169 1475 266 1548 atquc
286 1469 349 1528 hoc
364 1473 437 1528 ante
453 1469 562 1528 omnia
576 1469 610 1528 in
625 1469 694 1546 ejus
710 1465 804 1527 laude
819 1467 922 1544 ponit,
940 1483 1010 1526 eam
1034 1466 1203 1536 concretis,
1225 1465 1251 1524 si
1278 1463 1384 1526 dicere

167 1576 215 1635 fas
238 1580 298 1647 est,
322 1573 471 1651 epithetis
492 1575 687 1633 uberrimam
712 1577 743 1632 et
765 1572 805 1632 ad
829 1589 939 1632 omnes
965 1573 1139 1632 sententias
1167 1570 1383 1648 metaphorica

169 1680 385 1743 enuntiandas
413 1681 611 1758 aptissimam
640 1678 681 1759 (l)
708 1697 791 1752 esse,
817 1679 957 1757 ipsarum
986 1682 1093 1738 tamen
1123 1677 1382 1755 metaphorarum

169 1785 344 1848 immodico
358 1805 421 1847 usu
437 1787 563 1865 saepius
576 1785 819 1864 vituperandam
836 1787 845 1862 (
869 1785 890 1864 ).
972 1857 976 1871 .

207 1897 253 1955 Ex
271 1894 471 1954 brevioribus
487 1898 518 1953 et
537 1893 762 1953 incertioribus
776 1891 920 1952 Morhohi
936 1890 975 1950 de
997 1891 1133 1969 hispano
1150 1909 1297 1951 sermone
1313 1907 1382 1950 sen·

170 2001 279 2062 tentiis
296 2000 400 2060 statim
424 1973 626 2060 manifestum
643 2000 688 2070 fit,
706 1998 734 2058 ei
759 2014 902 2058 mancam
925 2001 1049 2057 tantum
1075 2001 1106 2057 et
1124 1998 1178 2056 vix
1200 1996 1383 2056 inchoatam

171 2108 270 2186 huJ‘us
286 2107 414 2184 linguae
430 2105 577 2166 notitiam
593 2103 744 2165 adfuisse.
764 2104 946 2164 Hancenim
963 2104 997 2164 in
1011 2104 1123 2181 primis
1145 2123 1163 2162 a
1187 2104 1329 2163 lusitana
1344 2121 1383 2162 ue

168 2215 307 2276 obscure
337 2213 465 2291 quidem
488 2212 669 2273 distinctam
698 2212 737 2271 ab
764 2229 801 2271 eo
827 2229 896 2270 esse
925 2212 1031 2288 ipsum
1056 2211 1123 2288 jam
1145 2210 1237 2270 docet
1259 2209 1385 2288 ejusde

168 2320 360 2382 Camoensio
382 2319 554 2397 judicium,
579 2319 672 2397 cujus
694 2336 812 2378 nomen
842 2317 880 2377 de
907 2318 1079 2396 improviso
1107 2319 1188 2378 inter
1215 2319 1317 2378 multa
1345 2316 1386 2378 ad

170 2427 323 2504 hispanas
336 2427 457 2485 litteras
469 2425 661 2502 pertinentia
674 2424 724 2484 his
740 2424 871 2484 omnino
888 2424 1061 2500 inopinatis
1078 2424 1183 2484 verbis
1198 2423 1383 2483 inducitur:

167 2557 181 2588 u
198 2533 365 2606 CamoenS,
381 2533 432 2592 ein
447 2531 637 2591 Heroischer
656 2533 733 2591 Poet
752 2549 808 2590 aus
829 2531 991 2608 Portugal,
1008 2531 1184 2608 gebraucht
1207 2531 1274 2590 sich
1295 2531 1385 2590 einer

167 2639 396 2716 schwiilstigen
417 2637 677 2716 autlgeblasenen
692 2637 769 2696 Ahrt
790 2655 830 2696 zu
853 2637 1021 2696 schreiben
1039 2637 1072 2696 in
1093 2637 1213 2697 seinem
1236 2639 1385 2698 Poemate

166 2762 230 2806 von
244 2743 373 2805 Indiens
393 2744 578 2822 Eroberung
594 2766 608 2798 a
626 2742 677 2822 (6).
695 2746 758 2803 Nec
774 2743 841 2803 ullo
865 2743 928 2803 alio
950 2743 1021 2803 loco
1041 2743 1229 2822 quidquam,
1247 2744 1297 2803 vel
1314 2743 1384 2802 obi-

165 2856 225 2923 ter,
243 2851 282 2910 ab
300 2868 337 2910 eo
353 2849 392 2910 de
416 2850 526 2928 lingua
541 2849 681 2910 lusitana
695 2854 976 2922 commemoratur,
993 2849 1032 2910 de
1050 2868 1114 2928 qua
1130 2851 1274 2928 prolecto
1295 2849 1381 2927 apud

167 2957 362 3018 Leibnitium
379 2956 498 3034 pariter
511 2955 594 3014 nihil
609 2955 766 3015 invenias

207 3063 356 3124 Severius
377 3066 473 3134 certe,
488 3079 530 3122 ne
554 3060 656 3121 dicam
679 3062 800 3139 inique,
825 3065 913 3138 patet
933 3061 1124 3123 Morhofium
1140 3062 1177 3122 de
1193 3062 1384 3123 Camoensio

166 3169 418 3241 existimavisse3
437 3169 507 3247 ejus
529 3173 634 3229 autem
653 3168 814 3246 judicium
837 3173 1007 3246 propterea
1031 3169 1166 3230 forsitan
1186 3174 1299 3230 notatu
1321 3167 1386 3246 dig-

164 3276 333 3336 nissimum
364 3275 573 3352 reputaveris,
595 3273 681 3352 quod
710 3274 763 3334 hic
786 3275 890 3352 prima
919 3281 1066 3336 occurrat
1095 3275 1180 3354 apud
1209 3277 1383 3336 Germanos

166 3382 311 3442 Lusitani
328 3385 442 3458 poetae
463 3381 594 3453 mentio,
614 3381 758 3458 solaque,
779 3381 842 3439 nisi
860 3380 967 3456 fallor,
982 3380 1085 3442 donec
1102 3386 1252 3460 vergente
1274 3382 1382 3442 Xl'lll0

167 3494 197 3549 ct
213 3490 345 3549 ineunte
364 3488 445 3548 Xlll⁰
471 3487 600 3547 saeculo
626 3487 695 3564 ejus
720 3504 849 3546 carmen
872 3488 1055 3564 germanice
1071 3489 1151 3548 verti
1167 3491 1308 3565 coeptum
1324 3491 1382 3560 est,

170 3596 339 3673 ipsumque
356 3598 517 3652 auctorem
533 3591 712 3652 Fridericus
727 3595 758 3652 et
772 3593 935 3669 Augustus
960 3593 1107 3671 Schlegel
1122 3599 1285 3672 tamquam
1305 3595 1385 3672 opti-

170 3718 269 3772 mum,
286 3700 341 3777 qui
364 3698 597 3758 recentioribus
619 3698 818 3776 temporibus
841 3698 948 3771 fuerit,
966 3699 1092 3775 epicum
1111 3704 1237 3776 poetam
1262 3699 1385 3759 civibus

169 3808 234 3867 suis
248 3805 555 3867 commendaverunt
570 3809 579 3881 (
603 3807 626 3879 ).

200 4022 238 4082 (t)
259 4021 407 4081 Uat.,185.

201 4117 239 4182 (a)
258 4114 470 4177 rotamur-195.

203 4213 240 4276 (3)
258 4209 334 4270 rtid,
347 4213 473 4260 arc-arr.

202 4309 239 4365 (l)
258 4303 335 4366 rond,
351 4307 475 4356 tar-668.

203 4403 238 4463 (5)
258 4403 333 4462 ibid,
348 4405 394 4452 233
409 4406 434 4452 et
451 4405 508 4450 270.

201 4498 237 4564 (6)
256 4497 330 4555 Ilia,
347 4499 405 4546 2¹7.
432 4523 460 4533 -
485 4493 711 4555 Quemadmodum
731 4496 887 4555 camoensii,
905 4496 940 4544 ita
960 4494 1142 4561 Shakespearii
1167 4510 1261 4548 nomon
1281 4498 1385 4560 primus

170 4593 194 4642 in
212 4594 351 4644 Germania
364 4589 505 4641 llorhotius
519 4589 645 4654 produxit
657 4589 699 4652 (cf.
716 4591 786 4650 tint„
802 4592 871 4652 232).

203 4689 238 4750 (7)
257 4687 295 4738 Cf.
312 4686 477 4746 Kobcrstein,
502 4685 652 4746 Graudrrts,
669 4689 692 4736 5.
716 4685 769 4745 ed„
795 4686 836 4746 lV,
853 4688 912 4747 ala,
927 4689 987 4747 254,
1003 4690 1062 4737 tlt.
1082 4713 1111 4724 -
1126 4690 1183 4738 Non
1198 4686 1280 4737 multo
1295 4685 1387 4752 benig·
