3520 5452
873 651 1089 736 -158--

402 807 564 876 Sentiebat
579 809 675 894 igitur
690 807 894 876 doctissimus
908 815 1056 894 quisque,
1071 815 1121 874 vel
1137 811 1197 875 sibi
1212 827 1327 876 causae
1341 807 1395 875 vix
1410 807 1571 889 consciuS,

362 939 378 981 e
393 921 577 1000 germanica
592 920 788 982 derivatione
802 922 943 992 nullum,
963 926 1017 981 aut
1030 921 1231 982 levissimum
1247 922 1358 981 saltem
1376 921 1518 982 fructum
1534 922 1573 982 ad

362 1025 539 1104 augendam
557 1027 702 1105 linguam
716 1044 784 1088 esse
800 1027 1003 1104 capiendum,
1025 1032 1066 1100 et,
1091 1027 1231 1106 exceptis
1254 1031 1381 1088 tantum
1404 1029 1517 1105 paucis
1543 1033 1574 1088 et

361 1130 1572 1213 fflmfflmfflmmfflwwmmmfflmmmmfflmmm

361 1240 523 1300 exhaustis
539 1239 634 1318 patrii
660 1240 818 1300 sermonis
838 1239 972 1300 viribus,
1002 1240 1062 1300 Vin
1086 1239 1213 1299 valebat
1233 1244 1303 1299 tum
1329 1240 1450 1318 lingua,
1474 1240 1572 1300 veteri

361 1346 461 1407 indoli
477 1346 591 1418 fidelis,
607 1346 667 1407 hac
681 1347 804 1406 ratione
815 1347 910 1406 verba
923 1347 1053 1425 fingere,
1065 1363 1147 1424 quae
1159 1363 1269 1406 revera
1279 1347 1386 1425 potius
1401 1346 1574 1407 verborum

360 1458 504 1514 monstra
531 1452 594 1514 dici
622 1457 781 1530 poterant,
811 1452 1076 1530 semigermanica
1100 1451 1267 1523 vocabula,
1306 1452 1339 1511 in
1374 1452 1492 1529 quibus
1522 1453 1572 1511 vel

360 1559 527 1639 peregriua
547 1559 726 1619 desinentia
747 1559 863 1618 nativis
878 1557 1040 1619 radicibus
1056 1558 1295 1636 subigebantur,
1321 1558 1371 1619 vel
1395 1559 1572 1638 peregrinis

360 1664 522 1725 radicibus
545 1665 648 1742 patria
669 1663 881 1743 adjiciebatur
895 1665 1091 1725 terminatio.

400 1772 533 1832 Uberior
547 1787 622 1830 sane
639 1774 814 1849 supererat,
831 1773 861 1832 et
885 1771 1071 1832 etiamnunc
1095 1773 1227 1832 omnino
1243 1773 1338 1851 viget,
1355 1773 1571 1852 componendi

361 1877 457 1938 verba
481 1877 615 1938 facultas
640 1895 647 1936 :
672 1879 704 1936 at
731 1893 842 1937 rursus
870 1876 1021 1938 Silesicae
1047 1877 1233 1954 posterioris
1260 1878 1394 1940 Scholae
1421 1880 1568 1958 exemplo

361 1983 437 2043 satis
464 1999 623 2062 superque
641 1981 780 2060 patebat,
807 1982 901 2043 islam
928 1983 1011 2042 viam
1033 1983 1073 2043 ad
1097 1982 1334 2045 deformitatem
1354 1985 1485 2046 tendere
1510 2003 1571 2047 nec

361 2088 537 2166 quidquam
559 2087 634 2148 inde
650 2091 756 2148 ortum
771 2088 821 2160 iri,
838 2088 900 2147 nisi
919 2088 1019 2149 foedas
1035 2106 1152 2149 vocum
1164 2091 1343 2168 juncturae,
1365 2090 1443 2152 dum
1466 2092 1572 2152 vivida

361 2200 590 2272 quaererentur
603 2195 771 2266 vocabula,
796 2194 924 2271 quihus,
946 2195 971 2255 si
991 2195 1160 2256 Fenelonis
1184 2197 1279 2257 verba
1305 2214 1460 2275 usurpare
1484 2199 1569 2271 licet,

362 2326 377 2358 «
392 2302 575 2362 carminum
590 2300 742 2378 splendor
757 2323 771 2354 υ
789 2304 871 2360 esset
883 2300 1113 2378 assequendus

401 2409 511 2486 lgitur,
542 2425 617 2468 curn
643 2406 809 2478 llorhofim
831 2412 957 2484 praeter
985 2407 1071 2467 varia
1099 2408 1138 2467 ab
1168 2408 1513 2470 Hoffmannswaldavio
1542 2415 1572 2470 et

360 2513 1572 2592 mmmmmfflmmmwffimmmfflmfflmmstmma

360 2622 598 2700 francogallicis
628 2644 642 2674 α
669 2619 806 2679 Pleiadis
832 2641 859 2691 u,
883 2624 919 2679 ut
945 2619 1072 2692 dicitur,
1110 2620 1284 2693 sodalibus
1315 2622 1413 2681 simili
1437 2621 1572 2699 quidem

360 2732 487 2800 eventu,
506 2727 656 2787 inchoata
677 2727 711 2784 in
730 2729 872 2785 mentem
888 2727 1042 2799 venirent,
1065 2726 1226 2786 affectatas
1250 2729 1312 2788 hoc
1330 2727 1426 2788 modo
1443 2728 1570 2788 divitias

359 2815 1569 2913 mmwmmmmmfflmmwmmfflmmmm

359 2960 488 3004 necesse
511 2946 588 3002 erat.
613 2942 650 3000 Et
665 2940 776 3000 multis
801 2938 932 3016 quidem
957 2939 1036 3000 locis
1059 2957 1114 3000 eos
1139 2941 1292 3019 increpat,
1319 2943 1386 3019 qui,
1411 2941 1490 3001 dum
1509 2942 1568 3002 sibi

360 3051 488 3128 linguae
503 3049 681 3108 ubertatem
707 3051 739 3105 et
757 3045 989 3105 abundantiam
1002 3050 1160 3107 ostentare
1180 3049 1311 3126 fingant,
1331 3065 1403 3108 eam
1427 3052 1569 3108 tantum-

359 3156 456 3216 modo
474 3180 488 3210 «
500 3172 587 3216 nunc
598 3154 713 3230 ineptis
727 3152 1027 3231 compositionibus,
1039 3170 1126 3212 nunc
1139 3153 1337 3214 cothurnatis
1353 3153 1568 3231 metaphoris»

360 3260 598 3340 mmmmm

398 3364 1569 3442 mmmmmmmfflmffimmffimmmmmmmmmffle

358 3495 436 3538 num
451 3477 563 3548 fuerit;
582 3473 636 3534 sed
651 3474 825 3550 inquirenti
838 3473 908 3551 ejus
922 3473 1107 3550 opinionem
1121 3471 1237 3532 desunt
1248 3472 1364 3531 ilerum
1376 3471 1570 3533 documenta

359 3601 523 3662 quaeque;
540 3583 573 3641 in
584 3599 649 3641 uno
664 3581 795 3657 quidem
811 3580 958 3657 opusculi
976 3577 1235 3659 Unvorqreish'che
1248 3577 1411 3640 Gedcnhen
1424 3581 1568 3659 inscripti

358 3691 493 3751 articulo
509 3687 777 3766 compositionem
797 3691 828 3746 et
851 3686 1081 3746 derivationem
1097 3689 1261 3762 tanlquam
1279 3686 1390 3747 obvios
1406 3688 1569 3764 augendae

358 3791 1568 3875 mmmmmmfflmmmmfflmmmmmmmmwm‚

358 3908 395 3963 ut
409 3903 552 3963 confiteri
569 3901 688 3974 deccat,
706 3917 769 3977 quo
785 3899 883 3959 totius
897 3897 1050 3959 orationis
1067 3915 1194 3958 summa
1206 3897 1349 3960 tenderet
1361 3917 1420 3960 nos
1435 3901 1567 3963 omnino

358 4008 517 4089 latuisse(
541 4011 564 4086 ).

391 4266 427 4328 (l)
448 4267 517 4329 Uni„
532 4267 659 4323 tte-658.

390 4369 428 4433 (l)
445 4367 520 4418 Omni
542 4367 596 4418 fere
615 4373 684 4417 netu
703 4363 835 4424 carenda·
849 4365 879 4414 ul
893 4359 970 4414 nobis
989 4364 1073 4414 risum
1095 4366 1144 4424 est,
1169 4357 1439 4416 Leibnitll·rcrba·sut
1454 4367 1504 4417 erit
1526 4361 1567 4418 blo

358 4463 477 4515 retullsse
500 4474 506 4514 ι
528 4477 542 4510 r
558 4463 592 4514 Es
612 4461 735 4513 bestehen
753 4473 806 4510 nun
822 4459 863 4510 die
878 4472 961 4510 neuen
977 4455 1069 4511 Worta
1083 4460 1268 4526 gomolnlgllch
1283 4462 1314 4512 in¹
1330 4463 1403 4513 einer
1420 4461 1569 4514 Glclchhelt

358 4559 404 4632 fnit
417 4557 467 4610 den
481 4559 562 4620 alten,
579 4555 677 4610 welche
688 4569 748 4608 man
763 4554 900 4621 Analogia,
911 4554 960 4606 das
973 4555 1007 4604 ist
1021 4546 1167 4608 Ebe'nmass
1180 4559 1287 4620 nennet,
1310 4556 1364 4609 und
1379 4570 1409 4609 so
1421 4558 1472 4609 wol
1482 4561 1508 4610 in
1522 4558 1567 4612 dor

356 4647 626 4718 tuslmmensazong
651 4649 690 4704 ab
715 4648 873 4718 Abflthrucg
899 4650 1102 4717 (compositione
1124 4653 1150 4703 et
1168 4652 1342 4722 heriratlonc)
1365 4654 1392 4707 ln
1413 4651 1517 4710 Obacbt
1533 4661 1566 4710 zu

357 4749 469 4810 hehmen
487 4749 557 4805 hall
573 4748 605 4820 ιθ
621 4745 679 4820 ll).
869 4835 1047 4878 Ἣ
