3462 5452
816 529 1003 614 ..12-

356 687 460 768 Quae,
486 709 561 755 oum
587 689 655 773 jam
677 695 784 774 pateat
805 694 962 772 quantum
982 689 1056 765 sint,
1077 706 1115 752 ex
1132 694 1232 770 parte,
1253 705 1328 752 oum
1352 684 1520 752 nonnullis

312 799 455 861 Morhofii
481 801 645 861 sententis
668 805 892 874 consentanea,
919 797 1172 862 consimiliorem
1197 798 1301 860 adhuc
1327 798 1360 858 in
1384 795 1521 858 modum

307 910 340 970 in
366 912 522 989 opusculo
547 910 806 995 Urioorqreistioie
832 910 995 973 Gedoolsen
1021 912 1175 988 inscripto
1196 911 1242 970 sic
1267 909 1359 969 iterat
1383 925 1389 968 :
1413 931 1428 962 «
1448 906 1520 968 Und

309 1017 405 1077 weiln
426 1017 476 1078 die
494 1019 647 1079 Teutsche
667 1018 806 1096 Sprache
829 1036 885 1079 vor
904 1018 1008 1079 vielen
1033 1017 1153 1078 andern
1169 1016 1242 1077 dem
1262 1017 1427 1093 Ursprung
1451 1013 1521 1074 sich

310 1141 350 1183 zu
371 1123 493 1184 nabern
518 1124 672 1196 scheinet,
688 1143 722 1185 so
742 1125 814 1186 sind
830 1124 911 1185 auch
932 1124 983 1185 die
998 1122 1287 1186 Grundwurtzein
1304 1121 1335 1183 iu
1354 1120 1521 1183 desselben

310 1230 399 1293 desto
415 1231 523 1291 besser
536 1250 574 1291 zu
590 1232 750 1292 erkennen
768 1255 782 1286 o
794 1233 846 1307 (ii.
1144 1311 1149 1318 n
1314 1211 1316 1218 ,

349 1337 521 1397 Morhotins
544 1342 663 1410 antem,
687 1338 836 1415 prudenti
853 1339 972 1416 ubique
991 1356 1066 1399 usus
1083 1337 1203 1410 enimc,
1226 1339 1316 1397 cavet
1334 1352 1460 1414 semper
1479 1351 1520 1395 na

311 1443 389 1522 quid
402 1443 500 1504 nimis
515 1443 598 1504 dicat
611 1449 640 1504 et
655 1445 739 1505 hanc
753 1445 1002 1505 controversiam
1014 1443 1052 1505 de
1067 1443 1234 1504 hebraicae
1250 1446 1305 1504 aut
1319 1442 1521 1520 germanicae

312 1550 441 1630 linguae
453 1551 594 1629 primatu
609 1553 692 1613 ultra
705 1553 809 1631 justos
831 1553 910 1612 tinea
922 1551 1145 1630 persequatur,
1163 1551 1264 1613 immo
1285 1568 1356 1610 earn
1378 1549 1522 1626 plerum-

313 1674 375 1736 que
389 1657 527 1719 breviter
542 1659 668 1737 attingit
682 1663 712 1720 et
726 1660 816 1739 quasi
830 1659 978 1720 consulto
993 1677 1167 1738 properans
1176 1659 1520 1737 percurrit,nunquanr

311 1764 556 1842 ambiguitatem
572 1765 740 1844 desipienti
756 1771 787 1828 et
801 1766 902 1827 deliro
917 1765 1057 1845 quodam
1074 1767 1250 1845 proposito,
1267 1771 1303 1827 nt
1328 1765 1439 1827 multis
1465 1765 1521 1827 itta

308 1876 414 1931 aetate
427 1888 497 1931 mos
513 1876 588 1946 erat,
605 1872 754 1933 diducere
769 1879 903 1934 conatus
916 1875 972 1953 (ἓ).

351 1978 470 2054 Nempe
487 1978 514 2037 ei
530 1997 596 2038 non
611 1978 673 2039 hoo
696 1981 828 2040 maximi
846 1985 912 2040 erat
928 1980 1096 2052 momenti,
1112 1985 1147 2048 ut
1165 1978 1367 2058 germanicae
1393 1979 1522 2057 linguae

316 2084 450 2145 dubium
477 2085 650 2162 quemdam
666 2087 866 2164 antiquitatis
880 2087 1056 2165 primatum
1071 2105 1146 2164 prae
1161 2085 1311 2146 hebraica
1326 2084 1518 2158 vindicaret;

316 2192 392 2252 satis
414 2192 561 2265 babebat,
579 2193 604 2252 si
626 2193 685 2253 sibi
707 2210 765 2271 pro
779 2200 943 2273 comperto
957 2199 1103 2272 reputare
1123 2194 1244 2267 liceret,
1262 2199 1436 2271 utrumque
1457 2211 1522 2252 ser-

316 2317 450 2374 monum
466 2317 566 2378 genus
578 2319 595 2360 a
606 2300 796 2378 primigenia
806 2301 915 2378 lingua
925 2300 1044 2380 pariter
1056 2306 1163 2361 ortum
1173 2319 1240 2362 esse
1256 2305 1286 2360 et
1302 2300 1442 2378 aprirnis
1454 2300 1521 2378 jam

315 2405 531 2479 incunabulis,
549 2405 661 2466 eodem
675 2408 788 2467 saltem
809 2409 962 2486 temporis
978 2407 1115 2468 decursu
1136 2423 1173 2468 uc
1192 2407 1259 2486 pari
1276 2407 1330 2468 sed
1348 2407 1474 2466 diverso
1491 2411 1522 2466 et

314 2511 414 2572 libero
427 2517 539 2585 tractu,
556 2513 719 2590 propriam
736 2513 844 2574 iniisse
860 2514 944 2573 viani
961 2519 992 2574 et
1008 2513 1165 2591 paulatim
1178 2532 1235 2591 pro
1248 2518 1335 2592 parte
1350 2531 1407 2573 sua
1422 2513 1523 2573 incre-

307 2620 401 2680 visse.
420 2620 541 2692 Quibus
558 2620 728 2691 concessiS,
746 2620 916 2681 commode
934 2626 964 2680 et
978 2620 1116 2686 naturali
1132 2621 1272 2698 quadam
1289 2639 1325 2680 ao
1347 2620 1436 2680 vetut
1465 2638 1521 2679 ne-

309 2727 447 2786 cessaria
462 2727 670 2787 conclusione
686 2727 755 2804 cogi
773 2728 917 2805 eilicique
931 2731 1065 2804 poterat,
1088 2745 1169 2805 quae
1189 2727 1320 2804 quidem
1341 2727 1408 2805 ipsa
1423 2725 1522 2786 totius

309 2832 374 2892 litis
396 2850 522 2891 summa
542 2837 619 2902 erat,
642 2833 860 2910 germanicam
887 2833 1032 2910 linguam
1056 2833 1246 2910 antiquitate
1269 2837 1299 2892 et
1322 2850 1468 2910 graecam
1493 2836 1523 2892 et

309 2939 443 3000 latinam
459 2939 563 2999 multo
580 2957 750 3017 superare;
775 2957 834 3000 nec
852 2940 920 3018 jam
936 2938 1035 3011 aliud,
1051 2938 1090 2998 ad
1110 2944 1209 2999 totam
1224 2939 1431 3000 obtinendam
1451 2957 1524 2998 cau-

315 3046 677 3124 sam,reliquun1erat,
700 3063 796 3122 quom
822 3051 856 3105 ut
872 3045 1105 3120 ostenderetur,
1129 3049 1302 3123 utrumque
1329 3063 1521 3116 sennonem,

314 3170 464 3231 graecum
479 3152 601 3213 scilicet
614 3157 645 3212 et
657 3152 806 3219 latinum,
821 3151 952 3230 perinde
969 3170 1005 3211 ao
1020 3157 1151 3224 ceteras,
1162 3146 1248 3229 'quas
1264 3151 1452 3212 vernaculas
1468 3170 1523 3210 vo-

314 3264 433 3333 carent,
450 3261 588 3340 linguas
609 3279 627 3320 a
648 3259 783 3319 barbaro
799 3258 898 3331 fonte,
916 3257 1059 3338 scythico
1079 3275 1206 3336 nempe,
1221 3259 1523 3336 manavisse,que1n

313 3368 457 3446 aprima
481 3367 603 3444 urigine
627 3383 701 3426 curn
725 3364 908 3442 germanico
936 3381 1038 3424 unum
1071 3364 1286 3442 eumdemque
1316 3364 1414 3425 tuisse
1446 3381 1523 3424 oon-

312 3481 418 3537 staret.

352 3580 443 3655 Quod
460 3581 548 3641 enim
570 3581 607 3640 ad
637 3578 917 3657 redintegrandam
939 3579 1156 3656 germanicam
1181 3578 1325 3657 linguam
1350 3577 1522 3656 spectabat,

313 3708 380 3750 non
395 3689 536 3749 multum
558 3688 662 3766 reipsa
688 3687 849 3758 intererat,
873 3685 1073 3757 hebraicum,
1096 3685 1321 3763 antiquissima
1344 3684 1523 3762 praeditum

313 3796 479 3875 religione,
496 3801 662 3872 tamquam
674 3793 836 3871 singulare
852 3810 888 3852 ac
901 3797 1059 3852 secretum
1075 3791 1238 3870 quoddam
1253 3792 1387 3852 humani
1403 3791 1523 3869 eloquii

316 3922 416 3985 genus
432 3902 494 3962 coli
511 3907 542 3962 et
557 3901 666 3972 istum,
684 3906 719 3960 ut
743 3900 786 3958 ita
801 3898 918 3971 dicam,
936 3898 1072 3959 eximiae
1088 3899 1264 3958 sanctitatis
1288 3899 1437 3959 nimbum
1460 3916 1524 3958 ser-

312 4011 445 4072 vavisse.
471 4010 509 4068 nt
529 4023 652 4087 graeca,
674 4011 704 4067 et
721 4005 891 4085 praecipue
908 4005 1006 4065 latina
1029 4005 1140 4084 lingua
1155 4007 1243 4080 (narn
1263 4023 1394 4084 graecae
1418 4023 1454 4066 eo
1471 4023 1524 4064 us-

314 4137 375 4199 que
390 4122 516 4178 tantum
532 4116 611 4176 ratio
627 4118 675 4175 est
689 4112 848 4185 habenda,
865 4116 901 4172 ut
926 4112 953 4172 ei
979 4112 1130 4191 opinione
1147 4111 1278 4189 quidem
1295 4129 1431 4190 aequam
1449 4130 1524 4173 cum

348 4478 385 4546 (r)
402 4479 471 4542 eso.

349 4573 385 4638 (2)
404 4574 452 4636 ct..
467 4571 578 4641 exempti
593 4571 688 4642 gratia,
702 4582 782 4640 quarn
798 4569 918 4622 restricte
932 4568 1056 4638 loquatur
1067 4568 1093 4618 in
1107 4567 1279 4629 Institutione,
1292 4581 1316 4638 p.
1334 4571 1386 4622 t-a.
