3462 5452
821 515 1080 644 ⁸„ar-s

308 710 386 779 dum
408 719 463 778 est.
486 719 630 797 Namque
649 737 687 780 ex
709 720 756 780 tot
778 717 941 782 uberrime
955 717 1113 800 congestis
1135 717 1327 783 testimoniis
1343 715 1423 781 nihil
1446 737 1517 799 pos·

307 829 409 888 tremo
423 825 597 901 concludit,
612 827 673 888 nisi
690 826 776 906 quod
788 829 1066 892 reverentissimus
1076 829 1223 909 quisque,
1238 830 1292 908 qui
1306 833 1383 890 tunc
1399 829 1517 890 viveret

308 938 452 996 veterum
468 935 646 996 litterarum
668 935 773 997 fautor
788 936 956 1015 cultorque
974 937 1088 998 nolens
1109 937 1218 998 volens
1235 936 1408 998 concedere
1423 935 1517 998 debe-

307 1048 365 1116 ret,
382 1049 438 1105 aut
451 1044 636 1124 diligentior
649 1045 846 1124 peritiorque
860 1049 987 1106 nostrae
1004 1045 1116 1106 aetatis
1132 1044 1278 1106 doctriua
1293 1044 1332 1105 ad
1355 1061 1517 1105 summam

309 1151 516 1228 comprobare
530 1151 642 1228 possit.
661 1153 704 1212 Eo
718 1152 805 1212 enim
819 1151 924 1212 evadit
937 1151 1068 1212 demum
1083 1156 1150 1212 tota
1169 1152 1238 1230 ejus
1264 1151 1466 1229 disceptatio,
1483 1155 1518 1210 ut

308 1260 443 1318 affirmet
461 1277 467 1319 :
483 1277 499 1318 e
514 1259 644 1337 Scythia
657 1276 821 1336 egressum
835 1258 998 1335 quoddam
1013 1260 1209 1336 populorum
1226 1276 1353 1337 agmen,
1370 1259 1518 1335 Pelasgos

308 1384 435 1445 nempe,
452 1367 617 1426 Graeciam
631 1366 710 1426 olim
726 1366 862 1426 coloniis
878 1366 1072 1443 impleuisse,
1089 1367 1127 1425 ab
1144 1365 1213 1425 istis
1230 1365 1369 1443 Pelasgis
1384 1365 1519 1425 Graecos

308 1491 376 1534 esse
392 1477 489 1545 ortae,
507 1474 701 1534 Graecorum
717 1477 824 1533 autem
839 1472 984 1550 linguam
998 1472 1123 1532 nullam
1146 1473 1243 1532 aliam
1257 1489 1325 1532 esse
1337 1472 1400 1531 nisi
1416 1472 1519 1530 Pelas-

310 1597 423 1657 gorum
438 1597 495 1656 per
516 1580 616 1639 multa
631 1580 759 1639 saecula
773 1579 963 1645 humaniore
980 1579 1083 1660 gentis
1096 1579 1160 1638 vita
1178 1582 1209 1637 et
1228 1578 1404 1637 litterarum
1429 1578 1519 1637 cultu

311 1686 428 1746 sensim
450 1686 621 1762 expolitam
648 1703 685 1745 ac
707 1685 885 1745 vicinorum
907 1690 938 1744 et
960 1685 1104 1762 proxime
1128 1689 1337 1762 cognatorum
1358 1684 1518 1762 Phrygum

311 1812 457 1856 sermone
469 1795 580 1854 leviter
595 1797 821 1853 commutatam
839 1797 869 1852 et
884 1793 1055 1870 impulsam
1072 1791 1080 1868 (
1106 1793 1126 1866 ).

340 1904 409 1976 Quo
425 1906 519 1981 paeto
535 1904 679 1979 apertum
695 1902 739 1973 tlt,
757 1918 814 1960 cur
830 1905 877 1961 tot
887 1918 999 1979 graeca
1014 1901 1055 1974 (et
1069 1901 1180 1974 latina)
1194 1901 1351 1961 vocabula
1366 1917 1438 1961 cum
1452 1906 1520 1960 teu-

309 2009 436 2079 tonicis,
459 2007 573 2085 geticis
598 2011 628 2066 et
650 2007 773 2066 batavis
800 2012 978 2086 congruant
1002 2009 1057 2082 (ἓ),
1082 2011 1111 2066 et
1135 2024 1203 2083 pro,
1218 2011 1381 2085 comperto
1400 2007 1519 2066 habere

309 2117 395 2187 licet,
410 2130 555 2193 graecam
571 2115 613 2188 (et
633 2113 775 2188 latinam)
789 2115 931 2190 linguam
950 2132 1065 2192 magna
1079 2133 1118 2174 ex
1137 2121 1225 2191 parte
1246 2133 1264 2174 a
1278 2116 1414 2175 barbaro
1430 2116 1518 2174 lente

310 2221 465 2298 originem
481 2218 605 2279 trahere
621 2221 632 2292 (
655 2218 676 2298 ),
691 2238 709 2278 a
722 2220 864 2279 barbaris
881 2221 1066 2279 innumeras
1081 2239 1175 2280 voces
1191 2223 1351 2298 accepisse
1368 2221 1409 2299 (l)
1421 2226 1517 2299 atque

311 2329 402 2389 initio
418 2328 515 2386 simul
526 2343 597 2386 cum
612 2327 754 2386 barbaris
766 2327 884 2404 linguis
898 2345 994 2386 unam
1012 2333 1043 2386 et
1058 2328 1201 2387 eamdem
1217 2329 1314 2389 luisse
1328 2330 1384 2404 (ὅ).

346 2435 434 2497 Unde
447 2439 555 2494 tamen
571 2435 634 2504 liat,
649 2438 684 2493 ut
694 2433 828 2510 pristina
841 2432 920 2492 haec
934 2434 1097 2494 barbariae
1110 2439 1187 2493 nota
1202 2435 1235 2494 in
1251 2435 1373 2513 graecis
1389 2438 1431 2510 (et
1449 2437 1520 2496 lati-

309 2544 370 2616 nis)
384 2542 549 2602 vocabulis
562 2541 753 2618 plerumque
764 2541 871 2599 minus
886 2541 1055 2600 manifesto
1067 2547 1228 2618 appareat,
1240 2542 1331 2602 lacile
1345 2543 1517 2620 intelligaS,

308 2650 334 2708 si
351 2648 546 2726 reputaveris
561 2647 741 2723 insequenti
758 2647 961 2706 sacculorum
978 2642 1079 2723 spatio
1093 2646 1261 2723 utriusque
1277 2647 1406 2724 linguae
1423 2665 1519 2707 voca-

307 2757 383 2817 bula
407 2757 592 2815 innumeras
612 2753 847 2814 vicissitudines
863 2757 893 2812 et
910 2754 1105 2814 mutationes
1121 2771 1189 2814 esse
1206 2759 1347 2831 experta,
1365 2772 1402 2814 ae
1417 2756 1519 2832 potis-

308 2865 428 2923 simum
445 2861 550 2922 omnis
565 2859 689 2938 generis
705 2848 985 2920 terminationibus
1008 2878 1077 2920 esse
1098 2861 1221 2933 induta,
1243 2880 1318 2922 cum
1338 2862 1423 2940 apud
1447 2864 1519 2923 bar-

307 2971 412 3041 barea,
426 2985 565 3046 quorum
581 2967 691 3044 lingua
707 2966 850 3043 asperior
864 2967 1064 3037 remanserit,
1088 2967 1221 3026 vocibus
1242 2968 1409 3027 nervosior
1427 2969 1519 3045 quasi

308 3077 405 3137 iacies
422 3075 613 3152 breviorque
628 3073 731 3133 torma
750 3073 790 3132 sit
807 3077 940 3132 servata.
960 3073 1064 3144 Quam
1083 3072 1214 3150 quidem
1239 3091 1276 3132 ea
1305 3091 1337 3132 re
1361 3075 1519 3150 paulatim

310 3187 514 3247 obscuratam
529 3179 776 3241 similitudinem
791 3181 884 3239 lacile
897 3197 1007 3239 rursus
1023 3180 1056 3238 in
1077 3180 1182 3239 lucem
1202 3180 1357 3256 proleraS,
1375 3181 1402 3239 si
1421 3181 1518 3241 medo

307 3290 590 3354 terminationibus
605 3288 762 3347 vocabula
777 3304 922 3364 quaeque
943 3304 1056 3364 graeca
1077 3288 1122 3360 (et
1149 3285 1260 3363 latina)
1283 3288 1424 3360 exueris;
1448 3293 1517 3349 tum

309 3401 501 3480 plerumque
520 3395 685 3474 apparebit
703 3392 802 3466 nuda,
828 3395 854 3453 si
874 3393 979 3454 dicere
1000 3393 1047 3453 las
1068 3399 1125 3466 est,
1143 3393 1351 3454 barbararum
1372 3395 1517 3457 radicum

312 3506 433 3585 effigies
449 3504 502 3584 (6).

342 3823 377 3892 (t)
399 3827 469 3890 uno,
485 3827 565 3876 22-25
576 3839 585 3889 ;
598 3828 642 3876 re.

345 3918 382 3989 (2)
399 3919 476 3980 Ictu,
492 3921 586 3983 26-273
603 3922 644 3982 66,
665 3921 706 3969 83.

341 4017 377 4085 (3)
396 4013 471 4076 ibid,
487 4018 534 4066 122
549 4016 576 4066 et
588 4016 698 4081 passim.

343 4112 380 4175 tt)
397 4109 473 4170 ibid,
487 4112 529 4161 85.

343 4202 379 4268 (a)
398 4201 474 4263 rou,
490 4206 616 4264 trs-retu
631 4205 688 4253 eae.

341 4299 378 4361 (6)
394 4297 469 4357 leid,
484 4301 531 4360 273
547 4301 646 4359 74-763
662 4301 703 4349 et.
716 4325 745 4335 -
762 4299 894 4357 Quantum
907 4296 940 4346 de
954 4297 1170 4347 terminationem
1186 4295 1287 4359 origiue
1302 4298 1329 4346 et
1342 4298 1437 4346 natura
1449 4307 1520 4346 erra·

312 4395 378 4443 uerit
392 4391 543 4453 hlorholius,
570 4391 639 4444 haud
661 4405 738 4442 secus
758 4406 789 4442 ae
808 4393 886 4442 ceteri
906 4391 964 4456 ejus
979 4392 1103 4456 temporis
1126 4392 1302 4455 grammatici,
1319 4404 1370 4441 uon
1392 4391 1517 4455 estquod

313 4489 354 4540 hie
369 4487 506 4539 enodatius
518 4487 690 4551 explicemus,
704 4489 830 4552 quoniam
844 4487 1025 4552 quaestionem
1041 4499 1101 4535 uror
1118 4487 1143 4535 in
1160 4484 1236 4536 Libro
1249 4487 1302 4544 tu..
1320 4485 1363 4536 uhi
1378 4486 1409 4536 de
1422 4489 1519 4551 etymo·

312 4583 379 4652 logia
394 4587 499 4651 agetur,
517 4582 599 4635 iustus
613 4583 749 4636 tractaturi
761 4595 861 4634 setrius.
1191 4588 1195 4596 '
