<?xml version="1.0" encoding="UTF-8"?>
<!DOCTYPE html PUBLIC "-//W3C//DTD XHTML 1.0 Transitional//EN"
    "http://www.w3.org/TR/xhtml1/DTD/xhtml1-transitional.dtd">
<html xmlns="http://www.w3.org/1999/xhtml" xml:lang="en" lang="en">
 <head>
  <title>
</title>
<meta http-equiv="Content-Type" content="text/html;charset=utf-8" />
  <meta name='ocr-system' content='tesseract 3.04.00' />
  <meta name='ocr-capabilities' content='ocr_page ocr_carea ocr_par ocr_line ocrx_word'/>
</head>
<body>
  <div class='ocr_page' id='page_1' title='image "./dedgmorhofiolei00fcgoog_0086.png"; bbox 0 0 3462 5452; ppageno 0'>
   <div class='ocr_carea' id='block_1_1' title="bbox 640 1010 878 1086">
    <p class='ocr_par' dir='ltr' id='par_1_1' title="bbox 640 1010 878 1086">
     <span class='ocr_line' id='line_1_1' title="bbox 640 1010 878 1086; baseline -0.008 -2"><span class='ocrx_word' id='word_1_1' title='bbox 640 1010 790 1084; x_wconf 83' lang='lat' dir='ltr'>CAPUT</span> <span class='ocrx_word' id='word_1_2' title='bbox 818 1012 878 1086; x_wconf 89' lang='lat' dir='ltr'>lV.</span> 
     </span>
    </p>
   </div>
   <div class='ocr_carea' id='block_1_2' title="bbox 148 1270 1358 1328">
    <p class='ocr_par' dir='ltr' id='par_1_2' title="bbox 148 1270 1358 1328">
     <span class='ocr_line' id='line_1_2' title="bbox 148 1270 1358 1328; baseline 0.007 -9"><span class='ocrx_word' id='word_1_3' title='bbox 148 1274 192 1320; x_wconf 87' lang='lat' dir='ltr'>DE</span> <span class='ocrx_word' id='word_1_4' title='bbox 220 1272 340 1320; x_wconf 67' lang='lat' dir='ltr'>corice</span> <span class='ocrx_word' id='word_1_5' title='bbox 365 1270 489 1319; x_wconf 67' lang='lat' dir='ltr'>cineus</span> <span class='ocrx_word' id='word_1_6' title='bbox 515 1272 554 1318; x_wconf 84' lang='lat' dir='ltr'>ET</span> <span class='ocrx_word' id='word_1_7' title='bbox 580 1273 926 1322; x_wconf 77' lang='lat' dir='ltr'>SEPTENTRIONALIBUS</span> <span class='ocrx_word' id='word_1_8' title='bbox 949 1276 1119 1324; x_wconf 80' lang='lat' dir='ltr'>DIALEGTIS</span> <span class='ocrx_word' id='word_1_9' title='bbox 1138 1279 1160 1326; x_wconf 87' lang='grc' dir='ltr'>Α</span> <span class='ocrx_word' id='word_1_10' title='bbox 1182 1273 1358 1328; x_wconf 80' lang='lat' dir='ltr'>MORHOFIO</span> 
     </span>
    </p>
   </div>
   <div class='ocr_carea' id='block_1_3' title="bbox 413 1423 1099 1476">
    <p class='ocr_par' dir='ltr' id='par_1_3' title="bbox 413 1423 1099 1476">
     <span class='ocr_line' id='line_1_3' title="bbox 413 1423 1099 1476; baseline 0.012 -8"><span class='ocrx_word' id='word_1_11' title='bbox 413 1423 452 1468; x_wconf 81' lang='lat' dir='ltr'>ET</span> <span class='ocrx_word' id='word_1_12' title='bbox 477 1423 640 1470; x_wconf 87' lang='lat' dir='ltr'>LElBNlTlO</span> <span class='ocrx_word' id='word_1_13' title='bbox 667 1424 699 1470; x_wconf 89' lang='lat' dir='ltr'>IN</span> <span class='ocrx_word' id='word_1_14' title='bbox 725 1424 868 1472; x_wconf 81' lang='lat' dir='ltr'>CLASSES</span> <span class='ocrx_word' id='word_1_15' title='bbox 895 1427 1099 1476; x_wconf 84' lang='lat' dir='ltr'>DESCRIPTIS.</span> 
     </span>
    </p>
   </div>
   <div class='ocr_carea' id='block_1_4' title="bbox 157 2040 1435 3946">
    <p class='ocr_par' dir='ltr' id='par_1_4' title="bbox 157 2040 1369 2641">
     <span class='ocr_line' id='line_1_4' title="bbox 196 2040 1366 2126; baseline 0.003 -23"><span class='ocrx_word' id='word_1_16' title='bbox 196 2041 354 2105; x_wconf 87' lang='lat' dir='ltr'>Discussis</span> <span class='ocrx_word' id='word_1_17' title='bbox 380 2040 477 2124; x_wconf 85' lang='lat' dir='ltr'>igitur</span> <span class='ocrx_word' id='word_1_18' title='bbox 506 2040 695 2126; x_wconf 87' lang='lat' dir='ltr'>hujusmodi</span> <span class='ocrx_word' id='word_1_19' title='bbox 719 2044 891 2124; x_wconf 80' lang='lat' dir='ltr'>erroribus,</span> <span class='ocrx_word' id='word_1_20' title='bbox 922 2044 1094 2111; x_wconf 87' lang='lat' dir='ltr'>Morhofius</span> <span class='ocrx_word' id='word_1_21' title='bbox 1127 2063 1224 2111; x_wconf 85' lang='lat' dir='ltr'>suum</span> <span class='ocrx_word' id='word_1_22' title='bbox 1250 2045 1366 2126; x_wconf 86' lang='lat' dir='ltr'>cuique</span> 
     </span>
     <span class='ocr_line' id='line_1_5' title="bbox 157 2148 1368 2234; baseline 0.002 -24"><span class='ocrx_word' id='word_1_23' title='bbox 157 2152 289 2229; x_wconf 82' lang='lat' dir='ltr'>linguae</span> <span class='ocrx_word' id='word_1_24' title='bbox 314 2153 514 2230; x_wconf 75' lang='lat' dir='ltr'>germanicae</span> <span class='ocrx_word' id='word_1_25' title='bbox 539 2154 686 2214; x_wconf 82' lang='lat' dir='ltr'>ordinem</span> <span class='ocrx_word' id='word_1_26' title='bbox 708 2156 859 2234; x_wconf 80' lang='lat' dir='ltr'>assignat,</span> <span class='ocrx_word' id='word_1_27' title='bbox 883 2157 1027 2234; x_wconf 92' lang='lat' dir='ltr'>primum</span> <span class='ocrx_word' id='word_1_28' title='bbox 1049 2158 1173 2218; x_wconf 89' lang='lat' dir='ltr'>cunctis</span> <span class='ocrx_word' id='word_1_29' title='bbox 1199 2148 1368 2217; x_wconf 91' lang='lat' dir='ltr'>scandina-</span> 
     </span>
     <span class='ocr_line' id='line_1_6' title="bbox 158 2259 1369 2342; baseline 0.001 -24"><span class='ocrx_word' id='word_1_30' title='bbox 158 2259 238 2319; x_wconf 89' lang='lat' dir='ltr'>vicis</span> <span class='ocrx_word' id='word_1_31' title='bbox 254 2260 468 2333; x_wconf 70' lang='lat' dir='ltr'>sermonibus</span> <span class='ocrx_word' id='word_1_32' title='bbox 485 2277 524 2319; x_wconf 79' lang='lat' dir='ltr'>ex</span> <span class='ocrx_word' id='word_1_33' title='bbox 544 2262 643 2321; x_wconf 86' lang='lat' dir='ltr'>altera</span> <span class='ocrx_word' id='word_1_34' title='bbox 662 2266 762 2340; x_wconf 81' lang='lat' dir='ltr'>parte,</span> <span class='ocrx_word' id='word_1_35' title='bbox 779 2262 901 2323; x_wconf 86' lang='lat' dir='ltr'>seilicet</span> <span class='ocrx_word' id='word_1_36' title='bbox 921 2262 1054 2323; x_wconf 89' lang='lat' dir='ltr'>nordico</span> <span class='ocrx_word' id='word_1_37' title='bbox 1078 2263 1175 2323; x_wconf 90' lang='lat' dir='ltr'>veteri</span> <span class='ocrx_word' id='word_1_38' title='bbox 1192 2263 1245 2342; x_wconf 83' lang='lat'>(1),</span> <span class='ocrx_word' id='word_1_39' title='bbox 1270 2262 1369 2320; x_wconf 90' lang='lat' dir='ltr'>islan-</span> 
     </span>
     <span class='ocr_line' id='line_1_7' title="bbox 159 2364 1367 2447; baseline 0.002 -23"><span class='ocrx_word' id='word_1_40' title='bbox 159 2364 244 2438; x_wconf 77' lang='lat' dir='ltr'>dico,</span> <span class='ocrx_word' id='word_1_41' title='bbox 262 2364 375 2426; x_wconf 88' lang='lat' dir='ltr'>danico</span> <span class='ocrx_word' id='word_1_42' title='bbox 392 2365 446 2445; x_wconf 80' lang='grc'>(1),</span> <span class='ocrx_word' id='word_1_43' title='bbox 461 2366 589 2427; x_wconf 83' lang='lat' dir='ltr'>suecica</span> <span class='ocrx_word' id='word_1_44' title='bbox 605 2368 660 2446; x_wconf 79' lang='lat'>(3),</span> <span class='ocrx_word' id='word_1_45' title='bbox 677 2369 847 2446; x_wconf 87' lang='lat' dir='ltr'>norvegico</span> <span class='ocrx_word' id='word_1_46' title='bbox 862 2370 917 2446; x_wconf 82' lang='grc'>(1),</span> <span class='ocrx_word' id='word_1_47' title='bbox 930 2403 968 2412; x_wconf 92' lang='grc'>-</span> <span class='ocrx_word' id='word_1_48' title='bbox 983 2373 1093 2447; x_wconf 86' lang='lat' dir='ltr'>postea</span> <span class='ocrx_word' id='word_1_49' title='bbox 1106 2386 1144 2428; x_wconf 85' lang='lat' dir='ltr'>ex</span> <span class='ocrx_word' id='word_1_50' title='bbox 1157 2368 1254 2427; x_wconf 87' lang='lat' dir='ltr'>altere</span> <span class='ocrx_word' id='word_1_51' title='bbox 1268 2371 1367 2444; x_wconf 82' lang='lat' dir='ltr'>parte,</span> 
     </span>
     <span class='ocr_line' id='line_1_8' title="bbox 159 2471 1369 2554; baseline -0.002 -22"><span class='ocrx_word' id='word_1_52' title='bbox 159 2471 279 2550; x_wconf 68' lang='lat' dir='ltr'>goiim,</span> <span class='ocrx_word' id='word_1_53' title='bbox 297 2488 405 2549; x_wconf 81' lang='lat' dir='ltr'>quem,</span> <span class='ocrx_word' id='word_1_54' title='bbox 422 2475 459 2531; x_wconf 90' lang='lat' dir='ltr'>ut</span> <span class='ocrx_word' id='word_1_55' title='bbox 481 2489 539 2550; x_wconf 89' lang='lat' dir='ltr'>par</span> <span class='ocrx_word' id='word_1_56' title='bbox 558 2476 615 2546; x_wconf 83' lang='lat' dir='ltr'>est,</span> <span class='ocrx_word' id='word_1_57' title='bbox 632 2477 664 2533; x_wconf 91' lang='lat' dir='ltr'>et</span> <span class='ocrx_word' id='word_1_58' title='bbox 685 2474 734 2534; x_wconf 91' lang='lat' dir='ltr'>sui</span> <span class='ocrx_word' id='word_1_59' title='bbox 756 2475 838 2552; x_wconf 78' lang='lat' dir='ltr'>Juris</span> <span class='ocrx_word' id='word_1_60' title='bbox 863 2479 894 2535; x_wconf 88' lang='lat' dir='ltr'>et</span> <span class='ocrx_word' id='word_1_61' title='bbox 915 2475 1085 2554; x_wconf 89' lang='lat' dir='ltr'>praecipue</span> <span class='ocrx_word' id='word_1_62' title='bbox 1107 2475 1277 2551; x_wconf 89' lang='lat' dir='ltr'>antiquum</span> <span class='ocrx_word' id='word_1_63' title='bbox 1301 2489 1369 2532; x_wconf 89' lang='lat' dir='ltr'>esse</span> 
     </span>
     <span class='ocr_line' id='line_1_9' title="bbox 161 2579 790 2641; baseline -0.005 -1"><span class='ocrx_word' id='word_1_64' title='bbox 161 2579 265 2641; x_wconf 85' lang='lat' dir='ltr'>docet.</span> <span class='ocrx_word' id='word_1_65' title='bbox 788 2584 790 2588; x_wconf 86' lang='grc'><strong>’</strong></span> 
     </span>
    </p>

    <p class='ocr_par' dir='ltr' id='par_1_5' title="bbox 162 2685 1435 3946">
     <span class='ocr_line' id='line_1_10' title="bbox 200 2685 1369 2767; baseline -0.002 -21"><span class='ocrx_word' id='word_1_66' title='bbox 200 2687 239 2746; x_wconf 77' lang='lat' dir='ltr'>At</span> <span class='ocrx_word' id='word_1_67' title='bbox 253 2685 392 2746; x_wconf 88' lang='lat' dir='ltr'>invicem</span> <span class='ocrx_word' id='word_1_68' title='bbox 405 2689 506 2759; x_wconf 79' lang='lat' dir='ltr'>cavet,</span> <span class='ocrx_word' id='word_1_69' title='bbox 521 2703 562 2745; x_wconf 89' lang='lat' dir='ltr'>ne</span> <span class='ocrx_word' id='word_1_70' title='bbox 575 2686 653 2764; x_wconf 88' lang='lat' dir='ltr'>quid</span> <span class='ocrx_word' id='word_1_71' title='bbox 665 2687 764 2747; x_wconf 92' lang='lat' dir='ltr'>nimis</span> <span class='ocrx_word' id='word_1_72' title='bbox 779 2692 933 2767; x_wconf 79' lang='lat' dir='ltr'>amputet,</span> <span class='ocrx_word' id='word_1_73' title='bbox 949 2707 989 2749; x_wconf 89' lang='lat' dir='ltr'>ne</span> <span class='ocrx_word' id='word_1_74' title='bbox 1007 2688 1084 2767; x_wconf 88' lang='lat' dir='ltr'>quid</span> <span class='ocrx_word' id='word_1_75' title='bbox 1096 2688 1195 2749; x_wconf 92' lang='lat' dir='ltr'>nimis</span> <span class='ocrx_word' id='word_1_76' title='bbox 1211 2685 1369 2758; x_wconf 77' lang='lat' dir='ltr'>admittat,</span> 
     </span>
     <span class='ocr_line' id='line_1_11' title="bbox 162 2793 1373 2874; baseline -0.003 -18"><span class='ocrx_word' id='word_1_77' title='bbox 162 2811 222 2856; x_wconf 88' lang='lat' dir='ltr'>nec</span> <span class='ocrx_word' id='word_1_78' title='bbox 236 2793 320 2854; x_wconf 89' lang='lat' dir='ltr'>inter</span> <span class='ocrx_word' id='word_1_79' title='bbox 334 2794 459 2871; x_wconf 87' lang='lat' dir='ltr'>linguas</span> <span class='ocrx_word' id='word_1_80' title='bbox 476 2794 675 2871; x_wconf 86' lang='lat' dir='ltr'>germanicas</span> <span class='ocrx_word' id='word_1_81' title='bbox 691 2795 824 2855; x_wconf 83' lang='lat' dir='ltr'>alteram</span> <span class='ocrx_word' id='word_1_82' title='bbox 842 2795 932 2855; x_wconf 91' lang='lat' dir='ltr'>alteri</span> <span class='ocrx_word' id='word_1_83' title='bbox 947 2796 1108 2856; x_wconf 89' lang='lat' dir='ltr'>immerito</span> <span class='ocrx_word' id='word_1_84' title='bbox 1126 2797 1311 2874; x_wconf 86' lang='lat' dir='ltr'>praeponat.</span> <span class='ocrx_word' id='word_1_85' title='bbox 1335 2793 1373 2853; x_wconf 87' lang='lat' dir='ltr'>Et</span> 
     </span>
     <span class='ocr_line' id='line_1_12' title="bbox 163 2899 1435 2980; baseline -0.003 -16"><span class='ocrx_word' id='word_1_86' title='bbox 163 2907 261 2977; x_wconf 85' lang='lat' dir='ltr'>recte,</span> <span class='ocrx_word' id='word_1_87' title='bbox 276 2920 353 2962; x_wconf 88' lang='lat' dir='ltr'>nam</span> <span class='ocrx_word' id='word_1_88' title='bbox 375 2901 412 2963; x_wconf 92' lang='lat' dir='ltr'>de</span> <span class='ocrx_word' id='word_1_89' title='bbox 435 2919 472 2962; x_wconf 89' lang='lat' dir='ltr'>ea</span> <span class='ocrx_word' id='word_1_90' title='bbox 495 2902 682 2979; x_wconf 86' lang='lat' dir='ltr'>quaestione</span> <span class='ocrx_word' id='word_1_91' title='bbox 706 2903 813 2976; x_wconf 87' lang='lat' dir='ltr'>multi,</span> <span class='ocrx_word' id='word_1_92' title='bbox 837 2921 894 2963; x_wconf 92' lang='lat' dir='ltr'>seu</span> <span class='ocrx_word' id='word_1_93' title='bbox 919 2904 991 2964; x_wconf 84' lang='lat' dir='ltr'>vivo</span> <span class='ocrx_word' id='word_1_94' title='bbox 1018 2904 1087 2976; x_wconf 77' lang='lat' dir='ltr'>illo,</span> <span class='ocrx_word' id='word_1_95' title='bbox 1111 2921 1168 2962; x_wconf 90' lang='lat' dir='ltr'>seu</span> <span class='ocrx_word' id='word_1_96' title='bbox 1192 2906 1313 2980; x_wconf 77' lang='lat' dir='ltr'>postea,</span> <span class='ocrx_word' id='word_1_97' title='bbox 1339 2901 1373 2960; x_wconf 91' lang='lat' dir='ltr'>in</span> <span class='ocrx_word' id='word_1_98' title='bbox 1433 2899 1435 2903; x_wconf 78' lang='grc'><strong>’</strong></span> 
     </span>
     <span class='ocr_line' id='line_1_13' title="bbox 165 3008 1373 3088; baseline -0.004 -18"><span class='ocrx_word' id='word_1_99' title='bbox 165 3027 269 3070; x_wconf 88' lang='lat' dir='ltr'>errore</span> <span class='ocrx_word' id='word_1_100' title='bbox 285 3009 400 3069; x_wconf 85' lang='lat' dir='ltr'>versati</span> <span class='ocrx_word' id='word_1_101' title='bbox 420 3013 505 3069; x_wconf 91' lang='lat' dir='ltr'>sunt.</span> <span class='ocrx_word' id='word_1_102' title='bbox 529 3009 586 3070; x_wconf 90' lang='lat' dir='ltr'>Vel</span> <span class='ocrx_word' id='word_1_103' title='bbox 602 3011 779 3069; x_wconf 83' lang='lat' dir='ltr'>Succorum</span> <span class='ocrx_word' id='word_1_104' title='bbox 801 3011 968 3087; x_wconf 85' lang='lat' dir='ltr'>superbiae</span> <span class='ocrx_word' id='word_1_105' title='bbox 990 3013 1215 3088; x_wconf 69' lang='lat' dir='ltr'>repugnantes</span> <span class='ocrx_word' id='word_1_106' title='bbox 1239 3008 1289 3068; x_wconf 83' lang='lat' dir='ltr'>vel</span> <span class='ocrx_word' id='word_1_107' title='bbox 1306 3011 1373 3068; x_wconf 86' lang='lat' dir='ltr'>stu-</span> 
     </span>
     <span class='ocr_line' id='line_1_14' title="bbox 165 3115 1374 3194; baseline -0.004 -17"><span class='ocrx_word' id='word_1_108' title='bbox 165 3116 226 3177; x_wconf 91' lang='lat' dir='ltr'>diis</span> <span class='ocrx_word' id='word_1_109' title='bbox 241 3115 383 3175; x_wconf 86' lang='lat' dir='ltr'>laventes</span> <span class='ocrx_word' id='word_1_110' title='bbox 397 3115 535 3193; x_wconf 89' lang='lat' dir='ltr'>propriis</span> <span class='ocrx_word' id='word_1_111' title='bbox 550 3115 610 3175; x_wconf 92' lang='lat' dir='ltr'>viri</span> <span class='ocrx_word' id='word_1_112' title='bbox 629 3115 714 3177; x_wconf 88' lang='lat' dir='ltr'>dccli</span> <span class='ocrx_word' id='word_1_113' title='bbox 728 3116 861 3193; x_wconf 87' lang='lat' dir='ltr'>quidam</span> <span class='ocrx_word' id='word_1_114' title='bbox 877 3116 916 3176; x_wconf 91' lang='lat' dir='ltr'>ab</span> <span class='ocrx_word' id='word_1_115' title='bbox 930 3135 995 3176; x_wconf 90' lang='lat' dir='ltr'>una</span> <span class='ocrx_word' id='word_1_116' title='bbox 1011 3117 1130 3194; x_wconf 81' lang='lat' dir='ltr'>aliqua,</span> <span class='ocrx_word' id='word_1_117' title='bbox 1153 3116 1236 3174; x_wconf 89' lang='lat' dir='ltr'>inter</span> <span class='ocrx_word' id='word_1_118' title='bbox 1254 3132 1374 3193; x_wconf 87' lang='lat' dir='ltr'>germa-</span> 
     </span>
     <span class='ocr_line' id='line_1_15' title="bbox 165 3222 1373 3302; baseline -0.004 -18"><span class='ocrx_word' id='word_1_119' title='bbox 165 3225 253 3284; x_wconf 88' lang='lat' dir='ltr'>nicas</span> <span class='ocrx_word' id='word_1_120' title='bbox 268 3223 406 3302; x_wconf 79' lang='lat' dir='ltr'>linguaS,</span> <span class='ocrx_word' id='word_1_121' title='bbox 423 3239 535 3282; x_wconf 91' lang='lat' dir='ltr'>omnes</span> <span class='ocrx_word' id='word_1_122' title='bbox 550 3223 629 3283; x_wconf 86' lang='lat' dir='ltr'>alias</span> <span class='ocrx_word' id='word_1_123' title='bbox 645 3222 842 3283; x_wconf 85' lang='lat' dir='ltr'>derivabant.</span> <span class='ocrx_word' id='word_1_124' title='bbox 866 3224 1025 3302; x_wconf 86' lang='lat' dir='ltr'>Imprimis</span> <span class='ocrx_word' id='word_1_125' title='bbox 1043 3223 1231 3283; x_wconf 85' lang='lat' dir='ltr'>Franciscus</span> <span class='ocrx_word' id='word_1_126' title='bbox 1245 3222 1373 3294; x_wconf 77' lang='lat' dir='ltr'>lunius,</span> 
     </span>
     <span class='ocr_line' id='line_1_16' title="bbox 165 3329 1376 3409; baseline -0.004 -18"><span class='ocrx_word' id='word_1_127' title='bbox 165 3331 216 3392; x_wconf 86' lang='lat' dir='ltr'>oui</span> <span class='ocrx_word' id='word_1_128' title='bbox 231 3330 325 3390; x_wconf 86' lang='lat' dir='ltr'>facile</span> <span class='ocrx_word' id='word_1_129' title='bbox 343 3331 506 3408; x_wconf 87' lang='lat' dir='ltr'>ignescere</span> <span class='ocrx_word' id='word_1_130' title='bbox 521 3330 607 3404; x_wconf 82' lang='lat' dir='ltr'>licet,</span> <span class='ocrx_word' id='word_1_131' title='bbox 624 3334 734 3409; x_wconf 81' lang='lat' dir='ltr'>utpote</span> <span class='ocrx_word' id='word_1_132' title='bbox 746 3331 851 3409; x_wconf 92' lang='lat' dir='ltr'>primo</span> <span class='ocrx_word' id='word_1_133' title='bbox 867 3331 978 3392; x_wconf 85' lang='lat' dir='ltr'>Ullilae</span> <span class='ocrx_word' id='word_1_134' title='bbox 995 3330 1122 3403; x_wconf 80' lang='lat' dir='ltr'>editori,</span> <span class='ocrx_word' id='word_1_135' title='bbox 1145 3329 1287 3408; x_wconf 82' lang='lat' dir='ltr'>geticum</span> <span class='ocrx_word' id='word_1_136' title='bbox 1303 3344 1376 3387; x_wconf 85' lang='lat' dir='ltr'>con·</span> 
     </span>
     <span class='ocr_line' id='line_1_17' title="bbox 167 3435 1374 3516; baseline -0.004 -18"><span class='ocrx_word' id='word_1_137' title='bbox 167 3438 269 3499; x_wconf 87' lang='lat' dir='ltr'>tendit</span> <span class='ocrx_word' id='word_1_138' title='bbox 280 3438 379 3498; x_wconf 89' lang='lat' dir='ltr'>luisse</span> <span class='ocrx_word' id='word_1_139' title='bbox 395 3455 411 3498; x_wconf 90' lang='lat' dir='ltr'>e</span> <span class='ocrx_word' id='word_1_140' title='bbox 426 3438 617 3516; x_wconf 89' lang='lat' dir='ltr'>germanicis</span> <span class='ocrx_word' id='word_1_141' title='bbox 633 3439 838 3498; x_wconf 87' lang='lat' dir='ltr'>sermonibus</span> <span class='ocrx_word' id='word_1_142' title='bbox 853 3439 1128 3516; x_wconf 80' lang='lat' dir='ltr'>antiquissimum,</span> <span class='ocrx_word' id='word_1_143' title='bbox 1144 3438 1182 3496; x_wconf 90' lang='lat' dir='ltr'>ab</span> <span class='ocrx_word' id='word_1_144' title='bbox 1198 3453 1262 3496; x_wconf 88' lang='lat' dir='ltr'>una</span> <span class='ocrx_word' id='word_1_145' title='bbox 1278 3435 1374 3512; x_wconf 86' lang='lat' dir='ltr'>stirpe</span> 
     </span>
     <span class='ocr_line' id='line_1_18' title="bbox 169 3542 1376 3624; baseline -0.007 -16"><span class='ocrx_word' id='word_1_146' title='bbox 169 3564 242 3608; x_wconf 87' lang='lat' dir='ltr'>cum</span> <span class='ocrx_word' id='word_1_147' title='bbox 266 3563 381 3624; x_wconf 89' lang='lat' dir='ltr'>gracco</span> <span class='ocrx_word' id='word_1_148' title='bbox 399 3552 516 3618; x_wconf 78' lang='lat' dir='ltr'>ortum,</span> <span class='ocrx_word' id='word_1_149' title='bbox 535 3550 565 3605; x_wconf 90' lang='lat' dir='ltr'>et</span> <span class='ocrx_word' id='word_1_150' title='bbox 588 3547 626 3605; x_wconf 91' lang='lat' dir='ltr'>ab</span> <span class='ocrx_word' id='word_1_151' title='bbox 646 3563 684 3605; x_wconf 90' lang='lat' dir='ltr'>eo</span> <span class='ocrx_word' id='word_1_152' title='bbox 701 3549 820 3606; x_wconf 85' lang='lat' dir='ltr'>ceteras</span> <span class='ocrx_word' id='word_1_153' title='bbox 837 3545 988 3606; x_wconf 85' lang='lat' dir='ltr'>dialectos</span> <span class='ocrx_word' id='word_1_154' title='bbox 1006 3545 1204 3623; x_wconf 84' lang='lat' dir='ltr'>germanicas</span> <span class='ocrx_word' id='word_1_155' title='bbox 1220 3542 1376 3620; x_wconf 85' lang='lat' dir='ltr'>originem</span> 
     </span>
     <span class='ocr_line' id='line_1_19' title="bbox 171 3651 1377 3732; baseline -0.007 -17"><span class='ocrx_word' id='word_1_156' title='bbox 171 3653 284 3715; x_wconf 86' lang='lat' dir='ltr'>ducere</span> <span class='ocrx_word' id='word_1_157' title='bbox 301 3655 352 3732; x_wconf 72' lang='grc' dir='ltr'>(ὃ).</span> <span class='ocrx_word' id='word_1_158' title='bbox 376 3651 494 3712; x_wconf 90' lang='lat' dir='ltr'>Eadem</span> <span class='ocrx_word' id='word_1_159' title='bbox 509 3652 631 3712; x_wconf 85' lang='lat' dir='ltr'>ratione</span> <span class='ocrx_word' id='word_1_160' title='bbox 653 3653 820 3712; x_wconf 84' lang='lat' dir='ltr'>llickesius</span> <span class='ocrx_word' id='word_1_161' title='bbox 838 3653 872 3712; x_wconf 92' lang='lat' dir='ltr'>in</span> <span class='ocrx_word' id='word_1_162' title='bbox 893 3652 1005 3712; x_wconf 91' lang='lat' dir='ltr'>arbore</span> <span class='ocrx_word' id='word_1_163' title='bbox 1027 3651 1233 3730; x_wconf 86' lang='lat' dir='ltr'>genealogica</span> <span class='ocrx_word' id='word_1_164' title='bbox 1253 3651 1377 3727; x_wconf 85' lang='lat' dir='ltr'>lingua-</span> 
     </span>
     <span class='ocr_line' id='line_1_20' title="bbox 170 3756 1377 3840; baseline -0.003 -18"><span class='ocrx_word' id='word_1_165' title='bbox 170 3779 241 3822; x_wconf 92' lang='lat' dir='ltr'>rum</span> <span class='ocrx_word' id='word_1_166' title='bbox 265 3760 520 3839; x_wconf 86' lang='lat' dir='ltr'>germanicarum</span> <span class='ocrx_word' id='word_1_167' title='bbox 542 3759 650 3820; x_wconf 91' lang='lat' dir='ltr'>omnia</span> <span class='ocrx_word' id='word_1_168' title='bbox 665 3759 787 3820; x_wconf 89' lang='lat' dir='ltr'>derivat</span> <span class='ocrx_word' id='word_1_169' title='bbox 808 3778 825 3820; x_wconf 87' lang='lat' dir='ltr'>a</span> <span class='ocrx_word' id='word_1_170' title='bbox 846 3761 953 3838; x_wconf 85' lang='lat' dir='ltr'>gotico</span> <span class='ocrx_word' id='word_1_171' title='bbox 973 3759 1074 3840; x_wconf 79' lang='grc'>[1689]</span> <span class='ocrx_word' id='word_1_172' title='bbox 1093 3761 1147 3836; x_wconf 81' lang='grc'>(6).</span> <span class='ocrx_word' id='word_1_173' title='bbox 1172 3759 1194 3818; x_wconf 88' lang='grc' dir='ltr'>Ε</span> <span class='ocrx_word' id='word_1_174' title='bbox 1217 3756 1377 3818; x_wconf 88' lang='lat' dir='ltr'>contrarie</span> 
     </span>
     <span class='ocr_line' id='line_1_21' title="bbox 172 3864 1378 3946; baseline -0.006 -16"><span class='ocrx_word' id='word_1_175' title='bbox 172 3867 320 3930; x_wconf 84' lang='lat' dir='ltr'>Wachter</span> <span class='ocrx_word' id='word_1_176' title='bbox 346 3864 448 3946; x_wconf 77' lang='lat'><strong>[1737]</strong></span> <span class='ocrx_word' id='word_1_177' title='bbox 477 3865 761 3944; x_wconf 83' lang='lat' dir='ltr'>anglosaxonicum</span> <span class='ocrx_word' id='word_1_178' title='bbox 784 3884 963 3928; x_wconf 87' lang='lat' dir='ltr'>sermonem</span> <span class='ocrx_word' id='word_1_179' title='bbox 987 3869 1174 3927; x_wconf 89' lang='lat' dir='ltr'>cunctarum</span> <span class='ocrx_word' id='word_1_180' title='bbox 1195 3865 1378 3943; x_wconf 86' lang='lat' dir='ltr'>linguarum</span> 
     </span>
    </p>
   </div>
   <div class='ocr_carea' id='block_1_5' title="bbox 205 4181 1192 4744">
    <p class='ocr_par' dir='ltr' id='par_1_6' title="bbox 205 4181 1192 4451">
     <span class='ocr_line' id='line_1_22' title="bbox 207 4181 1192 4260; baseline -0.011 -16"><span class='ocrx_word' id='word_1_181' title='bbox 207 4189 239 4260; x_wconf 79' lang='lat' dir='ltr'>u)</span> <span class='ocrx_word' id='word_1_182' title='bbox 260 4184 330 4252; x_wconf 72' lang='lat' dir='ltr'>unt,</span> <span class='ocrx_word' id='word_1_183' title='bbox 351 4189 442 4250; x_wconf 68' lang='lat' dir='ltr'>asu,</span> <span class='ocrx_word' id='word_1_184' title='bbox 457 4183 497 4251; x_wconf 78' lang='lat' dir='ltr'>se,</span> <span class='ocrx_word' id='word_1_185' title='bbox 513 4186 554 4250; x_wconf 78' lang='lat' dir='ltr'>ee,</span> <span class='ocrx_word' id='word_1_186' title='bbox 571 4186 627 4249; x_wconf 78' lang='lat' dir='ltr'>ue,</span> <span class='ocrx_word' id='word_1_187' title='bbox 645 4184 702 4247; x_wconf 83' lang='lat' dir='ltr'>m,</span> <span class='ocrx_word' id='word_1_188' title='bbox 720 4185 839 4249; x_wconf 76' lang='lat' dir='ltr'>rue-ru,</span> <span class='ocrx_word' id='word_1_189' title='bbox 852 4182 1048 4246; x_wconf 69' lang='lat' dir='ltr'>ror-ualle,</span> <span class='ocrx_word' id='word_1_190' title='bbox 1067 4181 1192 4240; x_wconf 76' lang='lat' dir='ltr'>rol-loe.</span> 
     </span>
     <span class='ocr_line' id='line_1_23' title="bbox 205 4281 1189 4353; baseline -0.006 -14"><span class='ocrx_word' id='word_1_191' title='bbox 205 4290 241 4353; x_wconf 79' lang='grc'>(1)</span> <span class='ocrx_word' id='word_1_192' title='bbox 258 4285 334 4347; x_wconf 77' lang='lat' dir='ltr'>leid..</span> <span class='ocrx_word' id='word_1_193' title='bbox 350 4290 374 4348; x_wconf 84' lang='grc'>6,</span> <span class='ocrx_word' id='word_1_194' title='bbox 390 4289 431 4347; x_wconf 79' lang='lat' dir='ltr'>di,</span> <span class='ocrx_word' id='word_1_195' title='bbox 445 4288 535 4346; x_wconf 78' lang='grc'>18-511,</span> <span class='ocrx_word' id='word_1_196' title='bbox 550 4287 636 4345; x_wconf 68' lang='lat' dir='ltr'>didi,</span> <span class='ocrx_word' id='word_1_197' title='bbox 652 4286 693 4345; x_wconf 86' lang='grc'>81,</span> <span class='ocrx_word' id='word_1_198' title='bbox 710 4286 752 4344; x_wconf 81' lang='lat' dir='ltr'>et,</span> <span class='ocrx_word' id='word_1_199' title='bbox 768 4285 825 4345; x_wconf 86' lang='grc'>133,</span> <span class='ocrx_word' id='word_1_200' title='bbox 841 4285 899 4344; x_wconf 86' lang='grc'>111,</span> <span class='ocrx_word' id='word_1_201' title='bbox 917 4284 1041 4342; x_wconf 76' lang='lat' dir='ltr'>lte-llo,</span> <span class='ocrx_word' id='word_1_202' title='bbox 1056 4283 1114 4342; x_wconf 88' lang='grc'>191,</span> <span class='ocrx_word' id='word_1_203' title='bbox 1132 4281 1189 4334; x_wconf 75' lang='lat' dir='ltr'>lte.</span> 
     </span>
     <span class='ocr_line' id='line_1_24' title="bbox 205 4381 870 4451; baseline -0.011 -15"><span class='ocrx_word' id='word_1_204' title='bbox 205 4381 642 4451; x_wconf 68' lang='grc'>11111111.,31,18·111,1111,110,</span> <span class='ocrx_word' id='word_1_205' title='bbox 660 4381 717 4441; x_wconf 88' lang='grc'>111,</span> <span class='ocrx_word' id='word_1_206' title='bbox 734 4381 792 4442; x_wconf 88' lang='grc'>191,</span> <span class='ocrx_word' id='word_1_207' title='bbox 810 4381 870 4431; x_wconf 80' lang='lat' dir='ltr'>lot.</span> 
     </span>
    </p>

    <p class='ocr_par' dir='ltr' id='par_1_7' title="bbox 208 4475 442 4546">
     <span class='ocr_line' id='line_1_25' title="bbox 208 4475 442 4546; baseline -0.021 -13"><span class='ocrx_word' id='word_1_208' title='bbox 208 4479 242 4546; x_wconf 74' lang='lat' dir='ltr'>p)</span> <span class='ocrx_word' id='word_1_209' title='bbox 259 4475 337 4540; x_wconf 78' lang='lat' dir='ltr'>ura,</span> <span class='ocrx_word' id='word_1_210' title='bbox 352 4477 442 4530; x_wconf 81' lang='lat' dir='ltr'>u-eu.</span> 
     </span>
    </p>

    <p class='ocr_par' dir='ltr' id='par_1_8' title="bbox 208 4571 612 4647">
     <span class='ocr_line' id='line_1_26' title="bbox 208 4571 612 4647; baseline -0.01 -15"><span class='ocrx_word' id='word_1_211' title='bbox 208 4571 244 4647; x_wconf 79' lang='lat' dir='ltr'>(l)</span> <span class='ocrx_word' id='word_1_212' title='bbox 261 4573 300 4630; x_wconf 84' lang='lat' dir='ltr'>cl.</span> <span class='ocrx_word' id='word_1_213' title='bbox 315 4575 439 4638; x_wconf 67' lang='lat' dir='ltr'>Rauraci.</span> <span class='ocrx_word' id='word_1_214' title='bbox 455 4575 502 4628; x_wconf 74' lang='lat' dir='ltr'>tal</span> <span class='ocrx_word' id='word_1_215' title='bbox 517 4575 543 4628; x_wconf 81' lang='lat' dir='ltr'>et</span> <span class='ocrx_word' id='word_1_216' title='bbox 555 4575 612 4630; x_wconf 68' lang='grc'>131.</span> 
     </span>
    </p>

    <p class='ocr_par' dir='ltr' id='par_1_9' title="bbox 209 4667 451 4744">
     <span class='ocr_line' id='line_1_27' title="bbox 209 4667 451 4744; baseline 0.012 -14"><span class='ocrx_word' id='word_1_217' title='bbox 209 4671 245 4744; x_wconf 68' lang='grc' dir='ltr'>(Β)</span> <span class='ocrx_word' id='word_1_218' title='bbox 261 4667 311 4744; x_wconf 57' lang='grc' dir='ltr'>Ιώ,</span> <span class='ocrx_word' id='word_1_219' title='bbox 327 4671 451 4732; x_wconf 70' lang='lat' dir='ltr'>lat-lili</span> 
     </span>
    </p>
   </div>
   <div class='ocr_carea' id='block_1_6' title="bbox 0 0 1772 5452">
    <p class='ocr_par' dir='ltr' id='par_1_10' title="bbox 0 0 1772 5452">
     <span class='ocr_line' id='line_1_28' title="bbox 0 0 1772 5452; baseline 0 0"><span class='ocrx_word' id='word_1_220' title='bbox 0 0 1772 5452; x_wconf 95' lang='lat' dir='ltr'> </span> 
     </span>
    </p>
   </div>
  </div>
 </body>
</html>
