3446 5452
673 673 889 748 -157-

161 826 301 890 crimina
316 833 518 907 expromunt,
536 832 571 888 ut
586 847 625 888 ne
641 833 707 888 tota
720 828 847 905 quidem
865 829 1000 889 sufficiat
1021 825 1221 907 germanicae
1246 823 1376 906 linguae

161 937 336 997 verborum
350 937 452 1013 copia,
467 936 492 994 si
509 940 571 995 tam
588 940 681 995 acuta
695 935 790 1012 plane
803 935 922 996 luerint
939 935 1115 996 referenda.
1135 938 1170 995 Et
1189 937 1222 995 iu
1243 953 1280 995 ea
1300 935 1377 996 defr-
1454 982 1457 988 .

162 1045 254 1104 ciunt
268 1043 485 1103 communiter
499 1059 610 1101 omnes
625 1041 765 1118 linguae,
782 1045 818 1100 ut
834 1045 917 1102 recte
934 1041 1158 1102 animadvertit
1172 1042 1323 1120 Scaliger,
1339 1041 1378 1102 de

161 1150 262 1210 verbo
289 1148 413 1228 ineptus
433 1148 602 1220 disserena,
629 1147 680 1206 oui
706 1148 810 1206 simile
828 1148 909 1207 nihil
933 1148 965 1207 in
987 1166 1100 1226 graeco
1119 1165 1265 1208 sermone
1288 1165 1377 1226 repe-

161 1258 276 1317 riatur.
296 1259 364 1316 Non
379 1261 426 1315 est
450 1255 549 1332 igitur
561 1253 646 1331 qnod
667 1253 853 1332 hujusmodi
869 1255 1028 1338 auxilium
1050 1255 1141 1332 quasi
1167 1255 1251 1315 ultro
1275 1254 1378 1314 detra-

163 1365 264 1423 hatur
278 1367 334 1423 aut
348 1363 443 1422 verba
462 1362 643 1421 inconsulte
659 1359 900 1439 prohibeantur,
925 1377 1006 1437 quae
1022 1377 1097 1420 curn
1113 1360 1251 1420 maximo
1277 1360 1377 1438 ipsius

161 1471 294 1548 linguae
310 1471 400 1529 lucro
416 1468 631 1544 usurpaveris
648 1484 684 1526 θα
699 1470 822 1526 tantum
837 1466 1033 1540 conditione,
1051 1471 1087 1526 ut
1101 1485 1118 1526 a
1134 1467 1377 1527 sublimioribus

161 1576 292 1636 dicendi
314 1575 484 1653 generibus
509 1573 621 1652 procul
649 1577 773 1632 remota
800 1577 951 1633 maneant
971 1591 1031 1634 nec
1057 1575 1228 1652 praecipue
1249 1575 1377 1635 macula

161 1682 274 1743 nobile
288 1681 437 1758 quodque
454 1697 580 1740 carmen
595 1680 734 1738 alliciant
744 1679 797 1758 (l).

206 1788 327 1849 Eadem
348 1787 454 1848 denuo
470 1789 643 1847 occurrunt
662 1785 747 1862 apud
769 1785 975 1858 Leibnitium,
992 1787 1048 1863 qui
1066 1787 1186 1862 pariter
1207 1790 1375 1858 memorat,

167 1915 185 1956 a
213 1896 366 1956 Cicerone
395 1891 557 1970 quondam
583 1890 792 1969 reprehensos
814 1908 883 1950 esse
911 1892 1058 1965 Graecos,
1080 1891 1166 1969 quod
1200 1892 1233 1951 in
1266 1909 1378 1951 eorum

163 2003 277 2080 lingua
287 2001 413 2059 nullum
430 1999 621 2076 reperiretur
634 1998 779 2069 verbum,
796 2015 860 2074 quc
875 1998 974 2056 latina
996 1998 1092 2058 dictio
1108 2022 1122 2052 u
1139 1998 1262 2077 ineptus
1278 2021 1292 2052 »
1309 1997 1378 2058 red-

164 2109 297 2168 deretur
310 2105 365 2185 (l).
1207 2094 1209 2097 ⁵

209 2214 322 2273 Mirum
348 2212 480 2272 lorsitan
493 2210 592 2271 videri
608 2210 781 2287 potuerita
804 2210 955 2270 Morhcfio
971 2212 1122 2288 primum,
1144 2218 1238 2290 atque
1254 2232 1272 2273 a
1290 2213 1379 2273 Leib-

167 2320 252 2379 nitio
268 2337 334 2378 non
352 2319 395 2377 ita
408 2318 510 2377 multo
526 2323 609 2394 post,
624 2335 677 2376 eos
692 2317 770 2376 adeo
780 2317 906 2377 modice
920 2319 1059 2394 probari,
1074 2319 1129 2395 qui
1139 2336 1301 2379 summum
1315 2337 1381 2378 res-

167 2425 345 2487 taurandae
362 2425 491 2502 linguae
506 2441 625 2482 munus
639 2423 837 2499 susceperint
852 2428 882 2482 et
904 2440 963 2500 cpe
986 2440 1175 2484 novarume
1196 2425 1379 2502 germanico

167 2533 257 2592 lcnte
274 2535 438 2591 erularum
453 2547 567 2589 vocum
584 2534 726 2600 externa,
743 2529 859 2605 cuique
875 2530 934 2588 arti
958 2530 1139 2589 necessaria
1158 2530 1301 2607 quidem,
1324 2531 1379 2592 sed

164 2638 307 2716 patrium
325 2653 502 2696 sermonem
520 2634 733 2695 deformantia
753 2635 909 2694 vocabula
929 2635 1096 2695 detrudere
1120 2637 1225 2696 conati
1251 2638 1325 2697 sint.
1343 2639 1381 2698 At

166 2763 206 2804 ca
239 2744 364 2803 ratione
391 2742 546 2831 hactenus
580 2741 613 2801 in
646 2741 855 2818 germanicae,
892 2759 972 2818 quae
1007 2741 1205 2816 dicebantur,
1239 2748 1380 2804 mutatae

168 2856 259 2912 erant
288 2851 362 2910 illae
387 2841 491 2920 voces,
521 2853 556 2908 ut
581 2849 691 2908 ambos
717 2848 853 2920 deceret,
882 2853 994 2926 utpote
1009 2855 1128 2909 cautos
1154 2855 1185 2910 et
1207 2851 1380 2928 prudentes

167 2959 329 3029 hominen,
344 2956 456 3017 talium
473 2956 690 3015 mutationum
707 2955 849 3015 infinitae
865 2955 990 3014 libidini
1007 2954 1159 3016 diffidere.

208 3066 280 3125 Non
295 3064 381 3124 enirn
394 3064 462 3141 jam
478 3066 545 3122 erat
559 3062 669 3139 lingua
684 3063 867 3139 germanica
889 3080 926 3121 θα
947 3079 1040 3138 quae,
1060 3067 1096 3122 ut
1120 3064 1210 3136 olim,
1225 3065 1316 3142 quasi
1341 3064 1381 3125 ad

169 3171 340 3233 arbitrium
356 3188 393 3229 ex
416 3169 549 3247 perenni
572 3169 659 3228 sonte
674 3186 774 3227 novas
795 3168 938 3228 emittere
951 3173 1059 3245 posset
1072 3170 1239 3230 verborum
1264 3188 1381 3248 propa-

169 3279 270 3356 gines.
290 3278 375 3336 Duae
400 3276 543 3353 prolecto
566 3275 756 3352 praecipuae
781 3280 950 3352 patuerant
978 3275 1052 3336 inde
1081 3278 1119 3336 ab
1148 3279 1380 3354 antiquissimis

170 3383 369 3462 temporibus
395 3381 539 3442 creandis
567 3382 659 3440 novis
688 3381 793 3440 verbis
819 3382 901 3454 viae,
929 3399 985 3441 seu
1011 3399 1047 3441 ea
1073 3381 1302 3456 derivarentur,
1325 3403 1381 3445 seu

170 3494 450 3569 componerentur.
465 3490 503 3546 ht
518 3487 637 3564 duplex
651 3488 706 3546 illa
727 3487 890 3565 augendae
910 3489 1080 3548 verborum
1097 3491 1207 3566 copiae
1232 3490 1379 3565 facultas

170 3613 369 3674 quamquam
390 3596 518 3673 linguae
540 3595 625 3654 intra
648 3599 751 3654 certos
779 3595 858 3654 fines
883 3613 985 3672 usque
1016 3595 1134 3669 aderat,
1161 3614 1249 3656 nunc
1274 3602 1381 3658 tamen

170 3708 385 3781 temperanter
414 3706 537 3761 tantum
564 3707 595 3761 et
621 3701 709 3761 omni
732 3707 856 3762 remota
882 3703 1060 3762 temeritate
1085 3707 1151 3763 erat
1188 3703 1378 3766 adhibenda.

171 3811 263 3886 Quod
278 3812 373 3889 longe
388 3827 479 3870 secus
495 3811 665 3870 effecerant
680 3807 844 3869 immodici
866 3827 1024 3869 novarum
1040 3827 1154 3870 vocum
1171 3816 1338 3872 creatores.

211 3917 352 3990 Caesius
378 3917 460 3977 inter
483 3933 604 3989 ornnes,
628 3920 664 3976 ut
687 3915 894 3976 derivationis
914 3934 974 3994 ope
996 3916 1131 3977 formata
1146 3919 1381 3998 vocabulapri-

172 4043 264 4088 mum
291 4025 498 4104 attingamus,
523 4023 602 4084 dum
627 4027 775 4101 excerpta
804 4040 958 4103 egraeca
981 4024 1030 4085 vel
1058 4025 1157 4086 latina
1181 4027 1382 4107 mythologie

117 4177 119 4181 ,
170 4133 304 4197 nomina
318 4131 509 4213 germanicis
527 4130 639 4192 formis
661 4129 826 4208 induebat,
848 4131 924 4193 satis
948 4149 1107 4213 superque
1130 4132 1380 4213 demonstrabat,

173 4240 250 4322 quid
263 4240 296 4302 in
311 4239 371 4302 hac
386 4239 520 4301 materia
534 4237 662 4300 turbida
674 4237 809 4300 audacia
824 4238 904 4300 ellici
918 4243 1037 4320 posset,
1062 4258 1122 4304 nec
1147 4243 1248 4305 multo
1264 4245 1380 4308 melius

173 4353 311 4412 cesserat
327 4347 378 4424 iis,
396 4347 450 4427 qui
471 4347 593 4428 passim
615 4346 735 4409 similia
758 4351 966 4423 tentaverant,
981 4365 1048 4410 non
1069 4353 1187 4424 tamen,
1212 4356 1247 4414 ut
1271 4351 1380 4416 Caesio

173 4463 331 4534 evenerat,
347 4459 443 4539 plane
459 4455 651 4519 deridendis.

176 4611 222 4634 35·-
275 4613 288 4618 ·-
304 4611 317 4618 ›-
341 4613 352 4630 ς
383 4611 435 4630 5332
448 4612 464 4630 ,Ι
478 4606 1009 4632 ΜΜᾸῊΕΜἮΏΗωΗΨ-υιῧῇὶ
1035 4611 1036 4614 =
1054 4611 1057 4616 ι
1073 4610 1086 4616 ·=
1146 4611 1170 4620 m·
1185 4611 1189 4618 ι
1207 4612 1211 4620 ,ι
1245 4612 1255 4620 1»
1271 4611 1374 4634 afim

209 4697 244 4785 (l)
263 4701 333 4776 Uul..
345 4703 468 4765 uttdtt.

209 4807 243 4892 tr)
264 4800 326 4865 dno.
345 4797 418 4874 dect„
434 4803 500 4878 §et
518 4824 548 4849 ε
562 4797 598 4862 ct
614 4797 687 4860 bct..
702 4798 743 4874 vv,
759 4811 821 4880 pau
838 4799 861 4872 l.
875 4811 901 4878 ρ.
917 4797 976 4880 lte,
