3446 5452
864 637 1081 718 ..lta-

400 790 548 859 Ceterum
561 797 741 876 opportune
753 811 790 858 ac
805 802 897 858 caute
907 798 1004 859 simul
1019 815 1066 869 ea,
1079 811 1161 875 quae
1177 797 1348 870 asseverat,
1358 790 1452 876 longa
1466 809 1555 857 exem-

358 904 489 983 plorum
511 904 590 964 serie
615 904 793 976 continuat,
809 903 927 982 quihus
956 904 1160 982 potissimum
1179 903 1360 977 doctorum,
1383 903 1436 981 qui
1457 903 1509 963 toti
1530 903 1556 961 in

361 1011 572 1085 humanitatis
599 1009 770 1089 disciplina
785 1015 862 1070 tune
880 1015 981 1084 erant,
996 1011 1141 1072 virorum
1170 1011 1269 1070 animi
1295 1010 1484 1070 commoveri
1500 1026 1559 1086 pos-

362 1121 442 1178 sent.
472 1119 577 1178 Testes
599 1117 685 1176 enim
714 1117 790 1177 hinc
812 1117 973 1190 classicos,
1000 1117 1092 1178 illinc
1118 1117 1300 1178 romanicos
1331 1117 1467 1194 linguas,
1491 1131 1556 1193 prae

361 1224 486 1298 ceteris,
504 1224 643 1298 invocat,
655 1227 751 1301 atque
767 1241 806 1284 ex
818 1223 930 1284 ordine
942 1241 1029 1285 nunc
1044 1224 1146 1304 ipsam
1174 1241 1321 1302 graecam
1337 1224 1480 1302 linguam
1499 1239 1560 1300 pro-

360 1331 432 1404 lert,
461 1331 675 1409 perlongum
704 1331 857 1409 temporis
884 1331 1034 1408 spatium,
1065 1329 1220 1408 quamdiu
1246 1346 1362 1407 nempe
1392 1348 1410 1389 a
1432 1326 1557 1405 Pelasgis

362 1441 516 1515 usurpata
529 1437 580 1508 sit,
596 1437 717 1496 inculte
732 1440 764 1496 et
784 1435 917 1496 barbare
944 1441 1126 1510 sonantem;
1154 1454 1240 1497 nunc
1259 1437 1402 1514 priscum
1426 1451 1560 1496 romanae

362 1543 465 1622 gentis
479 1560 658 1603 sermonem
677 1543 806 1621 allegat,
834 1561 931 1620 quem
951 1548 1058 1604 vetera
1085 1547 1292 1604 monumenta
1318 1562 1357 1604 ex
1371 1561 1436 1603 uno
1452 1541 1562 1602 eoderu-

363 1668 424 1728 que
442 1650 575 1710 barharo
592 1650 691 1723 sonte,
703 1654 799 1726 atque
809 1651 949 1728 reliquas
958 1651 1156 1729 antiquiores
1168 1652 1276 1712 ltaliae
1288 1650 1453 1723 dialectos,
1468 1655 1561 1710 ortum

363 1775 431 1818 esse
445 1757 561 1818 docent
576 1775 583 1831 ;
601 1775 689 1818 nunc
702 1774 853 1817 romanae
879 1757 1017 1818 rusticae
1035 1758 1163 1837 linguae
1178 1758 1380 1835 asperitatem
1408 1761 1561 1827 memorat,

363 1882 444 1942 quae
459 1863 552 1924 initio
567 1863 659 1941 quasi
676 1881 715 1923 ex
736 1863 837 1924 mixta
852 1864 951 1924 latina
963 1864 1160 1942 barbaraque
1173 1866 1313 1926 colluvie
1329 1870 1445 1938 ereata,
1460 1865 1561 1943 paula·

363 1971 419 2031 tim
436 1974 544 2031 tamen
571 1974 617 2030 tot
639 1970 883 2048 incomparabili
910 1971 1014 2031 nitore
1029 1971 1187 2049 pollentes
1205 1973 1387 2032 romanicos
1413 1985 1562 2032 sermones

264 2127 267 2134 ,
363 2077 578 2158 genuerit(l).

379 2163 381 2170 ¹
402 2185 507 2244 Facile
524 2184 622 2262 igitur
636 2183 665 2243 ei
680 2183 814 2244 forsitan
830 2183 1001 2261 ignoveris,
1019 2183 1043 2242 si
1070 2181 1148 2261 quid
1164 2183 1202 2244 de
1226 2183 1289 2244 hoc
1302 2187 1490 2261 argumento
1506 2199 1564 2242 non

363 2291 408 2351 ita
424 2290 584 2351 moderate
609 2289 705 2350 fuerit
720 2289 923 2360 affirmatum,
941 2307 1013 2350 cum
1030 2291 1206 2367 respexeris
1221 2293 1319 2351 totam
1337 2291 1407 2368 ejus
1435 2290 1566 2368 disputa-

363 2399 485 2458 tionem
500 2397 539 2457 ad
553 2397 636 2456 nihil
653 2396 741 2456 aliud
756 2395 897 2470 tendere,
910 2415 1008 2474 quarn
1023 2402 1059 2456 ut
1069 2396 1122 2456 hic
1133 2414 1256 2471 rursus,
1270 2415 1336 2457 non
1365 2394 1565 2476 vituperanda

363 2493 505 2585 prolecto
516 2504 691 2582 pertinacia
706 2521 795 2576 usus,
811 2502 1036 2578 necessariam,
1052 2504 1128 2563 lieet
1142 2504 1198 2563 illo
1212 2507 1356 2583 ternpore
1372 2521 1390 2564 a
1404 2505 1495 2564 nullo
1510 2503 1566 2564 iere

362 2615 557 2691 perceptam,
575 2610 787 2670 differentiam
803 2611 836 2669 in
850 2611 955 2670 lucenr
970 2610 1121 2688 proterat,
1138 2628 1220 2688 quae
1238 2611 1320 2670 inter
1335 2611 1487 2672 cultiores
1512 2610 1566 2670 lin·

363 2737 442 2798 guas
457 2723 489 2778 et
501 2718 654 2777 dialectos
669 2717 855 2776 intercedat.
880 2719 947 2776 lloc
961 2717 1046 2776 enim
1064 2717 1135 2777 loco
1151 2717 1269 2777 iterum
1284 2716 1430 2777 inaudita
1438 2731 1570 2794 eousque

363 2824 530 2902 diligentia
543 2824 679 2883 secernit
694 2822 865 2883 Morhofius
887 2823 962 2883 hinc
972 2824 1166 2901 perpolitum
1185 2829 1215 2882 et
1230 2824 1394 2884 excultum
1415 2825 1566 2903 cujusque

363 2931 476 3010 populi
492 2929 747 3006 sermonem,qui
765 2929 842 2989 dum
853 2929 1082 2990 humaniorum
1100 2947 1160 2990 usu
1172 2928 1391 2991 indesinenter
1405 2935 1570 2992 exornetur

364 3033 395 3088 et
409 3028 620 3107 perpoliatur,
636 3027 790 3086 continuo
806 3027 903 3086 etiam
919 3027 1117 3088 deformetur
1132 3045 1169 3088 ae
1182 3030 1271 3090 velut
1285 3029 1472 3102 emaciatur,
1489 3029 1571 3090 illinc

363 3135 561 3215 primitivam
577 3139 608 3194 et
622 3133 797 3212 genuinam
814 3134 918 3212 plebis
935 3135 1091 3212 lingnam,
1109 3153 1203 3213 quae,
1220 3153 1420 3214 quamquam
1435 3153 1507 3196 curn
1519 3135 1568 3194 illo

365 3259 468 3320 usque
496 3240 658 3300 artissimo
691 3241 980 3318 consanguinitatis
999 3243 1129 3302 vinculo
1159 3243 1343 3321 conjuncta,
1364 3260 1439 3303 eum
1469 3248 1568 3304 tamen

364 3349 596 3408 increscentem
610 3351 641 3407 et
654 3346 908 3425 progredientem
923 3347 1009 3408 haud
1025 3349 1136 3426 aequis
1148 3348 1296 3427 passibus
1318 3355 1481 3428 sequatur,
1496 3347 1569 3409 anti·

366 3473 445 3534 quas
467 3459 573 3516 autem
592 3453 719 3515 dicendi
745 3458 775 3514 et
797 3455 888 3533 quasi
914 3454 1074 3533 cogitandi
1096 3456 1237 3515 rationes
1257 3459 1289 3515 et
1306 3455 1425 3516 formas
1451 3454 1569 3516 fidelius

364 3562 500 3622 retineat
513 3563 577 3642 (2);
597 3561 682 3622 unde
707 3562 772 3634 ilat,
793 3566 838 3633 nt,
853 3561 893 3619 0b
910 3559 941 3619 id
962 3561 1069 3638 ipsum
1094 3561 1366 3622 adelicatiorihus
1390 3561 1568 3622 hominibus

366 3674 561 3746 contempta,
589 3685 625 3727 eo
648 3667 850 3728 manifestius
872 3672 1038 3744 tamquam
1064 3668 1187 3745 integra
1211 3672 1241 3728 et
1263 3667 1386 3728 sincera
1407 3668 1500 3745 patrii
1522 3684 1569 3727 eu·

365 3778 482 3856 Jusqne
505 3775 662 3835 sermonis
682 3773 801 3852 effigies
819 3776 970 3853 appareat
990 3779 1022 3834 el
1039 3791 1096 3853 pro
1114 3791 1195 3853 puro
1216 3775 1413 3853 perennique
1436 3775 1521 3835 fonte
1535 3773 1571 3833 sit

364 3881 522 3958 habenda,
540 3901 579 3945 en
600 3900 664 3961 quo
686 3880 803 3944 cultior
830 3881 940 3961 lingua
961 3898 1060 3942 novas
1082 3882 1164 3942 vires
1179 3881 1314 3944 'haurire
1337 3899 1463 3962 semper
1476 3879 1569 3961 possit

369 3995 400 4056 et
422 3986 535 4054 debeat
547 3991 602 4069 (³).

413 4194 422 4242 t
459 4187 517 4241 ilat.
543 4191 635 4241 ill-tl.

398 4189 485 4351 tutet.
505 4225 646 4352 ptaeolpne
668 4298 736 4352 quea
751 4282 882 4338 subtiliter
901 4284 1045 4351 excogitat,
1066 4295 1126 4338 uum
1146 4285 1255 4353 exponit
1273 4297 1344 4338 nunc
1365 4293 1444 4352 quum
1468 4283 1570 4344 nonina.

366 4377 498 4436 eleemon
520 4387 647 4449 tempore,
672 4375 790 4449 plebatus
813 4388 899 4434 sermo
922 4387 983 4434 enm
1010 4371 1151 4434 culturum
1177 4373 1311 4434 hominum
1332 4373 1425 4450 lingna
1447 4382 1568 4434 rationem
1674 4363 1675 4368 ’

367 4476 498 4539 hahuerit,
515 4488 586 4529 nunc
595 4479 728 4545 quatenus
741 4480 767 4530 et
779 4476 912 4544 quomodo
926 4477 996 4529 omni
1015 4479 1134 4543 tempore
1152 4475 1328 4531 litteratorum
1340 4484 1381 4541 ao,
1394 4489 1459 4546 prae
1471 4475 1569 4538 ceteris,

366 4579 499 4633 oratorum
518 4571 597 4626 verba
612 4571 708 4642 vulgus
723 4571 869 4642 intelligere
881 4571 965 4628 soleat
979 4563 1146 4640 (deterruit,
1160 4568 1263 4638 itit).

401 4662 437 4750 (a)
459 4663 530 4748 vitta?
544 4671 587 4727 ll·
