3462 5452
710 654 897 732 ..13-

194 805 295 870 latina
308 806 521 872 reverentiam
535 813 742 890 praestarent,
763 830 796 873 10
809 829 883 872 vera
898 815 1007 872 autem
1023 811 1126 870 multo
1149 803 1308 870 minorem
1330 824 1405 886 ope-

194 935 264 978 ram
285 917 508 996 impenderent
527 917 654 996 eruditi)
679 936 747 979 sese
770 937 807 980 00
826 923 969 997 tempore
993 917 1195 996 germanicae
1217 915 1403 976 inimicissi-

194 1043 284 1084 mam
304 1025 611 1104 insestissimamque
627 1027 810 1104 praebebat.

236 1133 390 1192 Memoria
403 1132 546 1210 prolecto
562 1133 724 1210 praeteriti
743 1131 923 1210 splendoris
939 1137 970 1193 et
986 1133 1083 1211 longa
1097 1129 1309 1193 verecundiae
1331 1146 1409 1190 con-

196 1239 378 1311 suetudine,
394 1239 497 1299 multo
514 1240 616 1317 magis
631 1257 730 1317 quam
740 1240 828 1318 justa
842 1244 874 1299 et
888 1238 1038 1318 prudenti
1054 1239 1243 1298 meritorum
1258 1236 1409 1298 aestima-

195 1347 284 1406 tione
299 1345 464 1405 nitebatur
476 1345 561 1425 apud
584 1344 694 1405 doctos
713 1346 801 1405 illius
827 1345 947 1405 saeculi
968 1345 1052 1404 viros
1077 1345 1207 1404 illarum
1225 1344 1410 1421 linguarum

198 1452 383 1524 auotoritas,
401 1468 482 1528 quae
496 1452 588 1528 quasi
602 1456 719 1512 natura
745 1453 897 1512 classicae
915 1452 964 1512 vel
988 1452 1139 1529 antiquae
1165 1441 1412 1529 appellabantur

197 1556 359 1636 hodieque
374 1558 588 1635 appellantur,
605 1576 749 1636 quasque
765 1559 849 1618 solas
859 1575 956 1636 puras
971 1563 1002 1618 et
1012 1560 1050 1618 ab
1062 1559 1150 1618 omni
1166 1557 1331 1618 barbariae
1347 1556 1411 1616 ool-

197 1667 285 1726 luvie
299 1667 461 1725 immunes
476 1666 683 1742 reputabant;
707 1665 762 1725 sed
782 1683 819 1725 eo
835 1665 998 1725 audaciori
1019 1669 1050 1726 et
1063 1664 1286 1725 inconsultiori
1302 1667 1409 1724 mente

197 1777 319 1832 ceteras
344 1773 603 1841 contemnebant,
626 1790 705 1849 quas
732 1773 882 1832 barbaras
905 1776 936 1832 et
957 1790 1058 1831 novas
1083 1772 1241 1832 vocabant
1263 1775 1293 1831 et
1321 1769 1410 1829 omni

197 1881 289 1940 cultu
303 1883 334 1939 01
348 1895 424 1938 01110
438 1879 478 1937 ob
496 1878 622 1937 nullam
638 1879 733 1938 aliam
749 1895 880 1938 eausam
896 1876 1043 1956 indignas
1060 1879 1308 1938 arbitrabantur.

239 1987 306 2046 Hoc
322 1985 419 2063 igitur
432 1985 551 2044 summi
563 1988 630 2045 0101
644 1985 812 2057 momenti,
824 1991 860 2045 ut
871 1985 1215 2063 evertereturprimum
1227 1986 1286 2044 ista
1300 1985 1409 2062 opinio

199 2091 451 2152 etmanisestum
474 2092 563 2151 fieret
585 2092 734 2151 classieas
752 2108 881 2169 quoque
900 2091 1027 2169 linguas
1049 2110 1087 2152 ex
1109 2090 1223 2152 eodem
1244 2092 1411 2152 barbarico

198 2200 287 2258 lente
303 2215 371 2257 esse
385 2201 481 2270 01101,
498 2215 537 2258 ex
549 2213 614 2274 quo
627 2197 785 2276 originem
805 2196 958 2258 ducerent
974 2199 1138 2258 vernaculi
1155 2213 1330 2270 sermones,
1350 2215 1410 2258 1100

199 2305 294 2365 011101
313 2309 408 2381 atque
430 2304 500 2377 hos,
514 2305 649 2383 longum
663 2321 721 2382 per
734 2305 888 2382 temporis
903 2305 1055 2383 spatium,
1069 2305 1234 2365 barbariae
1244 2310 1325 2365 nota
1340 2305 1412 2364 illas

199 2413 299 2473 luisse
313 2410 850 2488 01100101,(111111011011100110111,οο
866 2411 935 2489 ipso
951 2415 1095 2488 tempore
1106 2427 1170 2489 quo
1181 2411 1320 2471 maxime
1334 2411 1416 2469 nite-

199 2524 281 2593 rent,
305 2519 385 2579 nihil
412 2517 500 2578 aliud
524 2518 634 2592 fuisse,
658 2518 720 2578 nisi
743 2522 810 2578 0110
834 2518 953 2578 sensim
982 2519 1055 2578 ficta
1077 2522 1107 2578 et
1131 2518 1221 2578 cultu
1256 2517 1414 2596 paulatim

200 2631 313 2688 0111010
327 2624 452 2686 dicendi
475 2641 602 2703 genera,
625 2625 759 2702 plebeiis
775 2623 919 2685 dialectis
935 2626 1112 2686 etiamtunc
1127 2631 1157 2686 et
1180 2626 1363 2704 integritate
1383 2631 1414 2686 et

200 2733 365 2812 primitiva
376 2730 482 2792 indole
495 2733 589 2809 longe
602 2731 835 2809 postponenda.
853 2733 955 2810 Hujus
968 2733 1096 2810 generis
1112 2733 1309 2810 argumentis
1323 2733 1417 2810 aptis-

201 2842 322 2901 simum
337 2840 370 2898 in
383 2838 518 2898 modum
533 2839 724 2898 vernaculae
739 2855 885 2915 quaeque
899 2838 1039 2916 linguae,
1058 2855 1095 2898 00
1106 2840 1277 2917 praecipue
1291 2856 1416 2917 germa-

200 2948 285 3018 nica,
313 2963 425 3006 rursus
454 2946 487 3003 in
510 2963 567 3004 sua
590 2945 664 3022 jura
692 2943 907 3004 restituendae
933 2950 965 3004 et
990 2946 1131 3023 antiquis
1156 2945 1413 3024 aequiparandae

201 3059 302 3126 erant,
314 3052 499 3112 siedemum
512 3052 704 3130 germanicis
720 3050 853 3110 eruditis
864 3055 931 3110 erat
940 3049 1238 3124 demonstrandum,
1250 3053 1415 3130 propriam

201 3162 348 3240 linguam
368 3176 434 3219 non
449 3160 574 3219 minore
591 3159 680 3218 cultu
703 3162 734 3218 et
755 3156 861 3218 studio
877 3158 1007 3237 dignam
1032 3176 1112 3232 esse,
1141 3175 1239 3237 quam
1265 3160 1416 3220 classicos

202 3285 379 3340 sermones,
397 3272 427 3327 et
443 3284 526 3338 eam,
544 3267 568 3326 si
584 3266 681 3325 modo
696 3284 754 3344 pro
771 3265 878 3326 debito
900 3267 1060 3326 coleretur
1079 3270 1110 3326 01
1129 3270 1306 3339 ornaretur,
1328 3265 1415 3326 haud

203 3393 295 3435 secus
314 3391 351 3434 ae
366 3373 628 3451 francogallioam
644 3373 694 3432 vel
716 3371 860 3431 italicam
882 3390 920 3432 eo
941 3373 1077 3432 brevitor
1103 3372 1219 3432 adduci
1248 3390 1353 3450 posse,
1380 3377 1416 3432 ut

203 3486 276 3560 apta
292 3479 331 3540 ad
347 3481 504 3558 cujusque
518 3479 606 3551 artis,
622 3478 859 3557 philosophiae,
871 3478 1036 3552 historiae,
1046 3480 1249 3557 eloquentiae
1263 3484 1293 3539 et
1308 3481 1414 3557 poesis

203 3587 332 3648 facilem
345 3585 559 3661 decoramque
575 3585 823 3662 explicationem
838 3586 936 3645 fieret.

243 3693 319 3754 Plus
338 3696 422 3752 certe
434 3691 645 3769 profecissent
659 3709 696 3752 eo
710 3696 854 3770 tempore
875 3691 915 3752 ad
930 3691 1171 3752 restaurandam
1188 3697 1219 3753 et
1238 3691 1416 3752 emendam

204 3800 361 3878 linguam,
379 3803 415 3858 ut
433 3815 526 3876 saepe
541 3803 690 3858 notatum
712 3805 770 3872 011,
794 3799 952 3878 ingeniosi
975 3801 1112 3878 alicujus
1133 3801 1297 3879 scriptoris
1313 3818 1418 3861 exem·

203 3907 308 3986 plum,
334 3907 473 3984 impetus
493 3909 588 3983 atque
612 3907 797 3980 auctoritas,
822 3925 921 3984 quam
944 3908 1054 3967 omnia
1082 3907 1224 3985 undique
1251 3909 1414 3986 surgentia

204 4013 405 4074 eruditorum
440 4012 688 4072 reformatorum
723 4013 900 4074 tentamina
934 4019 965 4074 et
999 4015 1135 4074 consilia
1163 4015 1416 4093 innumeraeque

205 4139 329 4196 eorum,
347 4121 401 4200 qui
418 4138 549 4181 causam
563 4119 763 4200 germanicae
774 4121 901 4200 linguae
919 4120 1009 4182 elatis
1023 4121 1127 4182 verbis
1140 4123 1288 4202 agebant,
1300 4117 1417 4183 adhor-

204 4230 352 4292 tationes.
377 4229 415 4289 111
431 4232 550 4290 eaerat
566 4233 644 4290 111110
664 4228 698 4288 in
717 4229 888 4290 Germania
914 4229 1105 4303 litterarum,
1123 4247 1252 4291 morum
1270 4247 1307 4292 ac
1332 4228 1415 4291 vitae

206 4336 389 4402 communis
408 4335 562 4409 conditi0,
588 4340 624 4396 ut
644 4336 754 4398 nullus
778 4337 991 4415 praestantior
1006 4343 1037 4398 et
1057 4339 1206 4400 universa
1227 4337 1415 4400 auctoritate

205 4445 369 4529 praeditus
393 4449 570 4524 emergeret
598 4447 719 4519 auctor,
750 4445 843 4526 cujus
872 4446 1017 4524 impulsu
1043 4447 1160 4508 rectius
1186 4447 1418 4509 instauraretur

208 4553 334 4632 dicendi
349 4571 462 4636 genus,
475 4553 508 4616 in
521 4553 583 4616 hoc
593 4559 701 4616 eutem
712 4555 878 4618 communi
890 4555 1094 4637 ingeniorum
1108 4560 1139 4626 ct
1151 4573 1285 4637 operum
1293 4553 1417 4620 medio·

207 4664 328 4740 0111010,
344 4663 440 4746 patrii
456 4664 612 4726 sermonis
629 4664 715 4726 salus
730 4665 881 4746 maxime,
902 4682 943 4728 ne
964 4663 1069 4728 dicam
1088 4663 1194 4748 unice,
1219 4662 1257 4730 ab
1282 4659 1416 4732 eruditis
