3446 5452
632 1153 863 1274 INDEX
908 1154 1169 1274 RERUM

297 1897 436 1947 Parmeno
442 1927 1415 1949 ..........................................................
1464 1902 1508 1950 Vll

826 2139 924 2198 PARS
947 2140 968 2198 l.

367 2296 411 2354 Du
427 2297 576 2356 llonnorn
592 2314 628 2356 ar
644 2299 789 2356 Lmanmn
804 2314 918 2359 srunus
933 2315 1012 2366 cuna
1026 2317 1066 2358 an
1082 2316 1254 2360 unrvnnsnu
1268 2316 1441 2360 mnsunnuu

724 2437 894 2482 nocrrunnu
909 2438 1070 2482 srncrnnr.

300 2629 382 2678 Clrur
396 2631 414 2678 l.
431 2655 457 2666 -
476 2630 548 2688 Quae
561 2629 639 2680 luerit
651 2631 731 2681 XVll⁰
744 2629 850 2681 saeculo
865 2630 1012 2682 studiorum
1035 2630 1068 2681 ad
1090 2630 1197 2696 linguas
1214 2632 1404 2695 pertinentium

430 2724 546 2776 conditio
558 2755 1395 2774 ..................................................
1491 2729 1502 2774 l

299 2819 381 2868 Cnrur
394 2821 424 2870 ll.
446 2846 475 2856 -
499 2821 535 2871 De
549 2818 675 2871 Morbclio
694 2823 862 2886 germanicae
876 2821 983 2886 linguae
999 2825 1092 2872 contra
1105 2834 1228 2886 graecam
1251 2826 1277 2872 et
1298 2821 1405 2872 latinam

430 2913 583 2978 defensore3
592 2914 624 2964 de
635 2917 745 2966 asiatica
759 2914 910 2980 linguarum
920 2927 1111 2980 europaeorum
1126 2917 1238 2981 origine,
1252 2929 1362 2967 necnon
1377 2917 1408 2966 de

430 3008 548 3073 scythica
563 3009 655 3074 lingua
667 3013 694 3060 et
702 3010 803 3061 celticis
815 3010 982 3062 sermonibus
987 3042 1401 3061 ........................
1479 3015 1507 3062 tl

295 3105 377 3155 Gerus
393 3106 436 3154 lll.
455 3131 483 3140 -
500 3105 536 3155 De
549 3116 654 3169 graeca,
671 3103 754 3155 latina
764 3108 790 3155 et
805 3105 946 3170 romanicis
959 3105 1057 3171 linguis
1070 3137 1402 3153 ....................
1477 3107 1509 3156 23

823 3358 921 3418 Plus
943 3359 979 3418 ΙΙ.

297 3522 341 3580 lin
356 3521 506 3579 Monnorn
522 3536 558 3578 nr
574 3521 719 3578 Luranmu
732 3534 846 3579 srunus
861 3535 940 3586 ouen
955 3536 995 3578 nn
1008 3535 1133 3580 unuuns
1147 3537 1335 3581 cunurnrcas
1347 3537 1509 3582 srucrnnr.

296 3733 377 3782 clrur
386 3733 407 3781 l.
424 3757 454 3768 -
468 3731 552 3790 Quam
567 3742 674 3795 operam
687 3728 831 3780 Morbofius
845 3728 953 3793 linguae
970 3729 1139 3793 germanicae
1153 3729 1256 3777 navarit
1260 3757 1403 3776 .........
1479 3733 1509 3780 l'l

296 3827 379 3875 emur
395 3827 427 3874 ll.
445 3851 474 3862 -
492 3826 528 3875 De
541 3826 709 3890 germanicae
724 3822 883 3888 philologiae
898 3834 1042 3887 progressu
1055 3821 1116 3872 inde
1130 3835 1145 3872 a
1160 3820 1304 3875 Schottelio
1323 3837 1409 3888 usque

432 3919 466 3969 ad
479 3918 636 3970 llorbofium
649 3947 1402 3966 ·············································
1480 3922 1510 3970 53

298 4016 379 4064 Cnrur
392 4016 437 4064 lll.
458 4041 483 4050 —
502 4013 577 4078 Quid!
590 4013 623 4065 de
637 4015 726 4079 getica
740 4012 832 4078 lingua
852 4016 879 4064 et
899 4012 931 4063 de
949 4013 1147 4076 septentrionali
1165 4016 1291 4065 Golorum
1306 4015 1408 4080 origine

433 4110 564 4160 senserint
575 4107 719 4159 Morbofius
729 4111 755 4158 et
770 4107 916 4158 leibnitius
921 4139 1402 4158 ............................
1479 4115 1509 4163 ar

297 4207 379 4254 clrur
391 4204 433 4253 lV.
452 4229 482 4240 -
502 4204 538 4253 De
555 4204 643 4268 gotica
657 4201 750 4266 lingua
763 4205 789 4253 et
807 4201 1058 4267 septentrionalibus
1078 4202 1198 4255 dialectis
1213 4217 1228 4254 a
1243 4203 1368 4256 llorbolio
1383 4211 1409 4256 et

432 4296 560 4348 Leibnitio
573 4298 599 4347 in
613 4296 712 4348 classes
725 4296 865 4361 descriptis
870 4328 1402 4348 ................................
1478 4306 1509 4354 ar

297 4397 378 4445 curor
388 4395 418 4444 V.
434 4419 464 4431 -
477 4395 513 4444 De
526 4391 693 4444 inferioribus
704 4392 864 4457 germanicis
879 4391 999 4444 dialectis
1011 4391 1076 4458 quid
1086 4391 1230 4444 lilorbollus
1241 4396 1404 4446 senserit...
1477 4400 1509 4450 ro

297 4491 378 4549 Claui
391 4491 433 4540 Vl.
450 4515 478 4526 -
496 4489 533 4539 De
545 4486 726 4559 superioribus
737 4487 896 4554 germanicis
909 4485 1029 4540 dialectis
1043 4487 1108 4553 quid
1120 4486 1265 4540 llorbofius
1280 4491 1404 4542 senserit.
1478 4495 1510 4544 75
