3446 5452
694 567 724 608 e-
767 519 906 611 1666,-

190 679 300 758 venit,
320 679 597 763 quodamlogiae
612 684 793 762 auctoritati
809 685 882 764 plus
902 701 1006 764 aequo
1029 686 1223 748 concesserit
1246 686 1300 760 (ll,
1322 674 1406 748 uude

192 791 260 864 liat,
286 793 322 852 ut
350 792 471 871 argutis
499 793 582 856 inter
609 792 768 872 quaedam
794 793 964 866 vocabule,
989 793 1078 854 velut
1114 791 1224 854 cuchen
1250 798 1281 872 et
1305 791 1405 865 seben,

188 897 313 980 flucbeu
335 903 367 960 et
389 898 500 980 sladen,
527 898 635 960 zechara
660 905 691 960 et
715 899 830 974 zicbeu,
862 901 1018 962 institutis
1045 901 1350 979 comparationibus
1373 901 1407 960 in

189 1007 459 1084 vituperationem
476 1007 569 1068 facile
584 1008 701 1079 veniat,
723 1011 822 1066 totam
843 1007 1088 1086 argumentandi
1105 1007 1273 1082 rationem,
1295 1024 1407 1084 quam-

192 1113 242 1174 vis
270 1119 364 1175 acula
392 1119 423 1176 ot
459 1115 586 1174 subtilis
618 1115 810 1192 plerumque
839 1114 997 1186 videatur,
1039 1131 1274 1191 nonnunquam
1300 1119 1407 1176 tamen

197 1222 375 1299 speciosam
389 1221 521 1284 omnino
534 1239 612 1295 esse,
628 1239 689 1282 nec
702 1222 770 1282 ulla
784 1239 817 1282 re
833 1223 961 1300 saepius
975 1222 1038 1282 nisi
1060 1221 1271 1282 immoderato
1296 1223 1407 1283 analo·

193 1329 288 1408 gismi
306 1347 367 1390 usu
381 1329 441 1390 niti
454 1330 509 1407 (2).

227 1436 473 1514 Analogismum
502 1453 629 1513 nempe,
656 1437 750 1514 cujus
774 1435 881 1496 fallaci
909 1441 940 1496 et
969 1435 1123 1497 mendosa
1152 1438 1257 1515 specie
1281 1436 1405 1515 decepti

190 1541 288 1620 primi
312 1542 517 1620 etymologici
542 1541 640 1602 studii
662 1546 835 1602 sectatores
857 1545 921 1602 tam
947 1560 1041 1620 saepe
1067 1546 1263 1615 erraverunt,
1294 1546 1405 1620 utpote

189 1647 433 1708 infestissimum
448 1648 593 1708 rectioris
617 1649 775 1726 cujusque
799 1648 1032 1726 etymologicae
1050 1647 1214 1708 doctrinae
1237 1648 1404 1708 inimicum

188 1773 226 1815 ac
238 1754 445 1816 deterrimum
466 1756 610 1816 nascenti
635 1756 786 1816 scientiae
802 1756 990 1833 impositum
1005 1757 1135 1828 vulnus,
1153 1756 1309 1816 laudabili
1333 1775 1405 1834 per·

188 1862 368 1924 severantia
380 1862 564 1934 llorholluS,
579 1863 775 1939 ubicumque
791 1861 885 1922 datur
903 1862 1050 1934 facultas
1072 1863 1221 1923 insectari
1236 1881 1303 1924 non
1323 1863 1406 1923 desi-

186 1970 247 2042 nit,
264 1985 338 2030 cum
353 1969 451 2046 hujus
466 1969 561 2028 simul
576 1973 672 2046 atque
687 1969 856 2028 allusionis
871 1969 1040 2045 iniquitate
1053 1969 1199 2028 effectum
1217 1987 1285 2030 esse
1301 1974 1403 2048 putet,

187 2081 226 2138 ut
240 2076 402 2136 innumeri
420 2099 435 2131 «
448 2076 522 2153 plus
543 2093 639 2154 quam
655 2075 863 2137 caballisticis
885 2075 980 2154 nugis
999 2075 1107 2136 referti
1124 2099 1138 2130 »
1156 2075 1258 2136 libelli
1280 2076 1406 2154 prodie·
1438 2068 1442 2079 '

189 2182 255 2244 rint
266 2185 378 2263 totque
390 2199 472 2242 vana
495 2185 526 2242 et
541 2183 651 2242 inania
666 2182 791 2243 somnia
804 2199 842 2242 eo
867 2186 992 2242 tautum
1008 2182 1177 2254 evaserint,
1195 2187 1231 2242 ut
1250 2184 1406 2260 etymolo-

190 2289 293 2368 gicam
306 2301 373 2350 rem
389 2288 502 2348 merito
516 2288 613 2348 nimis
628 2287 795 2348 ridiculam
811 2288 952 2348 lacerent
965 2289 1020 2364 (3).
1036 2287 1232 2366 Analogismi
1246 2288 1331 2348 enim
1345 2306 1405 2365 ope

190 2395 403 2456 alienisssima
418 2411 564 2472 quaeque
579 2395 737 2455 vocabula
752 2395 835 2454 iuter
850 2412 882 2454 se
898 2395 1124 2467 conferuntur3
1143 2393 1286 2454 adhibita
1299 2398 1405 2454 autem

191 2501 362 2574 allusione,
380 2501 459 2560 mira
474 2501 636 2578 quaelibet
649 2501 829 2560 affirmatur
844 2501 1086 2579 significationis
1100 2501 1309 2579 congruentia
1325 2502 1408 2562 iuter

195 2608 364 2680 vocabula,
381 2607 592 2685 quihusnihil
605 2624 747 2685 unquam
764 2607 868 2667 suerat
879 2625 1068 2681 commuue;
1087 2608 1259 2685 conjuncta
1277 2607 1404 2668 tandem

194 2714 363 2791 utriusque
386 2713 575 2774 auctoritate
596 2715 771 2792 linguntur,
797 2714 952 2774 Schrickii
978 2731 1065 2774 more
1086 2714 1137 2790 (4),
1159 2731 1197 2773 ex
1218 2713 1350 2774 libidine
1376 2719 1407 2774 et

194 2820 326 2880 arbitrio
342 2820 568 2880 commenticia
584 2820 689 2879 omnis
708 2821 833 2898 generis
848 2820 1011 2897 primitiva
1025 2825 1056 2880 et
1079 2819 1221 2880 derivata
1236 2821 1404 2893 vocabula,

192 2927 241 2987 vel
258 2927 480 3006 excogitantur
496 2927 621 3004 ineptae
635 2930 665 2986 et
679 2926 836 2987 absurdae
848 2927 1073 3004 etymologiae,
1092 2927 1289 3000 Caramuele,
1306 2928 1407 2987 Borri-

191 3033 330 3111 chioque
346 3036 376 3093 et
391 3035 514 3094 Beoano
530 3032 643 3112 dignae
658 3031 713 3112 (ὃ),
728 3032 766 3092 de
782 3033 901 3110 quibus
918 3033 1060 3112 Scaliger
1080 3052 1146 3094 non
1166 3033 1297 3112 illepide
1313 3033 1404 3107 dixit,

192 3162 206 3194 u
224 3140 331 3200 mirari
355 3157 399 3211 se,
424 3156 492 3199 esse
515 3139 674 3210 homines,
694 3139 749 3216 qui
776 3139 929 3216 quioquid
952 3140 1161 3213 somniarent,
1186 3158 1244 3218 pro
1267 3142 1406 3201 oraculis

190 3244 302 3308 haberi
315 3247 434 3306 vellent
451 3267 478 3304 ».

233 3353 399 3416 Neminem
419 3355 527 3412 tamen
541 3368 657 3411 vocum
673 3351 811 3430 origines
835 3351 1039 3428 rationesque
1059 3351 1271 3429 inquirentem
1297 3354 1406 3434 lugere

191 3463 300 3534 debet,
315 3461 442 3538 linguas
457 3475 562 3534 neque
578 3475 654 3517 casu
672 3462 769 3530 ortas,
785 3475 890 3535 neque
905 3457 1036 3518 arbitrio
1059 3463 1115 3518 aut
1138 3459 1272 3520 libidine
1297 3466 1406 3522 auctas

190 3582 426 3642 conversusque
451 3582 548 3637 essse,
576 3563 630 3624 sed
654 3582 689 3624 ex
716 3563 909 3641 quibusdam
931 3562 1085 3623 ordinatis
1113 3570 1143 3624 et
1173 3567 1405 3640 constantibus,

194 3675 286 3753 quasi
302 3675 372 3750 ipsa
390 3675 506 3730 natura
527 3670 696 3746 impositis,
714 3670 839 3748 legibus
861 3674 1015 3747 perpetuo
1032 3687 1068 3728 ac
1091 3671 1273 3730 necessario
1289 3673 1407 3732 immu-

192 3783 252 3843 tari
270 3781 325 3860 (6).
343 3781 409 3838 Hoc
430 3777 527 3855 igitur
547 3776 686 3854 primum
710 3793 826 3835 munus
851 3776 910 3835 sibi
936 3775 1100 3853 imponere
1126 3776 1242 3836 debent
1261 3780 1319 3838 viri
1346 3781 1407 3839 liu-

228 4075 264 4140 (ι)
284 4075 353 4132 unt,
369 4076 426 4124 rue.

226 4167 262 4234 (2)
282 4167 357 4226 ictu,
374 4172 432 4219 ror.

223 4257 260 4314 (3)
280 4255 355 4312 luat,
369 4259 410 4314 57,
425 4257 467 4314 69,
483 4257 524 4313 86,
541 4257 589 4304 452
604 4270 609 4314 ;
626 4253 659 4304 cl.
677 4255 833 4318 Polybium,
846 4256 875 4304 T.
892 4257 910 4309 l.
926 4253 979 4304 Lib.
993 4269 1027 4314 iv,
1042 4257 1105 4320 Cap.
1124 4259 1148 4314 3,
1166 4257 1180 4318 ἓ
1197 4260 1220 4305 1.

226 4349 262 4412 (l)
285 4347 360 4408 lbid„
376 4353 401 4404 6,
420 4354 460 4399 ro.

225 4447 264 4504 (5)
285 4445 360 4505 iau..
374 4447 426 4506 s-a,
444 4449 484 4504 57,
500 4448 557 4494 mr.

227 4545 268 4613 (6)
286 4543 433 4618 intorques
446 4539 559 4614 primum
576 4537 662 4598 locum
679 4540 700 4592 ei
717 4537 835 4596 obtinere
851 4538 982 4602 vitientur,
1000 4537 1060 4600 binc
1074 4541 1164 4600 inuata
1178 4539 1273 4615 cuique
1288 4539 1359 4614 guoti
1374 4537 1406 4598 ad
