3462 5452
880 583 1069 666 —80-

409 735 527 820 injuste
540 742 682 819 proiecto
709 757 746 802 ac
769 737 865 803 simul
891 743 1028 802 inaniter
1041 742 1169 815 iaceret,
1185 737 1239 820 qui
1255 746 1385 821 negaret
1399 738 1469 822 ejus
1482 755 1569 820 opera

370 848 401 909 el
417 849 522 909 studio
534 849 766 926 etymologicae
782 849 924 909 multaet
944 849 1031 908 varia
1045 849 1200 909 beneficia
1225 849 1410 926 contigisse,
1427 865 1567 925 eumque,

368 973 424 1034 per
450 957 585 1035 longum
614 973 766 1033 operosae
793 955 876 1016 vitae
904 956 1053 1033 spatium,
1071 955 1154 1016 hanc
1183 955 1365 1034 multiplici,
1382 971 1568 1033 quamquam

370 1079 462 1140 saepe
473 1062 647 1139 inaequali,
664 1062 887 1122 benevolentia
902 1079 969 1122 esse
982 1064 1201 1139 prosecutum.

410 1170 479 1228 Non
494 1167 591 1228 modo
603 1167 689 1228 enim
706 1167 848 1228 eruditos
875 1167 969 1236 viros,
986 1167 1040 1244 qui
1062 1167 1112 1228 vel
1135 1157 1319 1228 conditione
1332 1168 1382 1228 vel
1397 1167 1523 1246 ingenio
1534 1164 1569 1224 ad

369 1273 573 1352 suscipienda
595 1273 784 1352 hujusmodi
805 1273 911 1334 studia
937 1273 1103 1351 proniores
1119 1274 1234 1334 forent.
1252 1278 1307 1334 aut
1331 1271 1570 1351 quoquomodo

368 1380 407 1441 ad
424 1398 461 1441 ea
487 1379 711 1458 amplectenda
734 1380 857 1458 impelli
883 1383 1023 1458 possent,
1052 1385 1122 1440 tum
1148 1381 1294 1440 evocavit
1318 1383 1348 1440 et
1374 1380 1568 1446 sustentavit,

367 1492 437 1548 tum
459 1486 603 1546 incitavit
627 1491 657 1546 et
676 1486 874 1566 stimulaqit3
893 1484 946 1546 sed
965 1486 1072 1557 etiam,
1085 1485 1238 1546 adhibitis
1257 1486 1289 1546 in
1314 1485 1413 1564 hujus
1429 1485 1573 1545 scientiae

369 1592 575 1654 commodum
611 1592 911 1665 consuetudinibus
947 1610 1027 1670 quas
1066 1592 1100 1651 in
1136 1593 1360 1653 remotissimis
1396 1592 1574 1669 regionibus

368 1717 442 1760 oum
470 1699 743 1776 praestantissimo
771 1716 899 1776 quoque
929 1699 1012 1759 inter
1038 1699 1194 1759 litteratos
1226 1703 1257 1760 et
1281 1717 1390 1778 regum
1419 1699 1574 1760 ministros

366 1806 551 1883 legatosque
562 1805 722 1882 junxerat,
738 1805 953 1882 amplissimas
965 1805 1086 1882 ubique
1103 1804 1141 1865 de
1157 1806 1245 1865 omni
1262 1805 1448 1882 linguarum
1464 1821 1573 1883 genere

368 1910 630 1989 investigationes
660 1909 785 1970 institui
818 1911 962 1985 curavit;
1003 1916 1176 1988 praeterea,
1203 1929 1301 1988 quam
1324 1911 1396 1971 aliis
1425 1910 1573 1971 indicaret

367 2017 450 2076 viam
476 2017 544 2094 ipse
571 2017 744 2096 ingressus,
761 2016 836 2076 hine
859 2017 990 2093 antiqua
1013 2017 1197 2094 linguarum
1221 2017 1407 2078 testimonia
1431 2022 1463 2078 et
1491 2017 1572 2076 varia

367 2123 525 2200 cujusque
559 2123 715 2182 sermonis
750 2122 942 2198 specimina,
969 2122 994 2182 si
1021 2122 1118 2182 modo
1144 2122 1279 2183 facultas
1316 2123 1462 2198 dabatur,
1489 2127 1572 2187 inde-

366 2231 469 2290 fessus
495 2229 635 2307 collegit,
652 2227 743 2287 illinc
759 2227 942 2292 ¹tractandis
970 2233 1002 2289 et
1027 2228 1284 2306 interpretandis,
1312 2247 1393 2306 quae
1420 2236 1476 2291 aut
1502 2234 1575 2311 jam-

368 2336 493 2397 dudum
519 2339 645 2414 praesto
660 2337 776 2408 essent,
791 2339 846 2396 eut
872 2335 1029 2412 paulatim
1051 2353 1134 2395 nova
1163 2335 1360 2410 accederent,
1378 2336 1575 2400 documentis

367 2443 528 2515 incubuit,
552 2459 653 2520 eaque
681 2441 720 2501 sd
743 2441 927 2502 enodandas
955 2442 1167 2519 etymologias
1194 2439 1345 2503 adhibere
1369 2449 1504 2506 conatus
1519 2451 1572 2520 esi,

369 2568 433 2628 qua
461 2549 628 2609 occasione
656 2548 789 2625 insuper
814 2566 851 2608 eo
878 2547 1035 2608 adductus
1070 2552 1127 2621 est,
1156 2552 1191 2607 ut
1225 2548 1347 2624 passim
1376 2566 1412 2609 ac
1448 2551 1574 2613 fortuito

367 2655 527 2735 quaedam
542 2653 738 2715 ‘enuntiaret
753 2659 809 2714 ant
821 2654 1035 2731 pressioribus
1058 2654 1162 2714 verbis
1191 2655 1374 2732 conciperet
1396 2663 1572 2736 praecepta,

367 2780 453 2841 quae
478 2760 644 2822 disserenti
672 2761 795 2821 auctori
820 2760 858 2821 ad
884 2761 1137 2840 etymologicum
1173 2759 1315 2820 studium
1357 2763 1474 2824 certius
1504 2764 1576 2826 deil-

365 2868 524 2931 niendum
539 2873 613 2946 apta
627 2885 695 2928 esse
711 2868 817 2928 subito
832 2867 1017 2929 viderentur
1031 2865 1084 2947 (1).

364 3173 396 3225 de
415 3177 442 3227 lu
465 3177 561 3227 rcr'eaee
579 3177 614 3226 du
637 3178 759 3243 lanquqe,
784 3179 875 3240 4849,
898 3181 950 3242 613
967 3181 1001 3231 ll.
1022 3177 1124 3241 Mltller,
1141 3179 1176 3229 La
1198 3179 1340 3230 rcr'encedu
1365 3180 1486 3244 isagoge,
1510 3173 1574 3228 trad.

365 3274 456 3324 llarris
465 3276 492 3324 et
503 3275 601 3336 Perrot,
618 3277 645 3325 2·
659 3270 712 3336 iu,
726 3276 846 3336 lie-lom
865 3274 1002 3324 Nouveller
1016 3275 1100 3338 lepore
1112 3289 1157 3324 eur
1170 3275 1305 3325 lesciense
1317 3276 1352 3325 du
1369 3275 1492 3338 laapaqe,
1509 3270 1574 3324 trad.

364 3370 454 3420 ilarris
468 3372 494 3419 et
516 3371 615 3432 Perrot,
635 3370 837 3433 scalpassem,
855 3368 959 3434 berlay,
976 3368 1122 3420 Geeclrr'clrte
1142 3369 1188 3418 dar
1210 3368 1500 3435 Spraeltwr'eseaecbust,
1518 3370 1575 3419 rii·

364 3470 431 3530 25ss
455 3465 578 3528 libellari,
602 3463 750 3515 Gescbr'rbte
770 3463 817 3513 der
842 3463 1092 3514 aeuioebdecteelrerr
1122 3463 1339 3529 Sclrrr'stepruelre,
1367 3464 1401 3526 ll,
1425 3465 1475 3514 ³25
1506 3473 1574 3528 sqq;

363 3562 508 3624 dubrauca,
525 3560 555 3611 G.
574 3557 612 3610 W.
631 3558 704 3609 Frlrr.
720 3573 768 3608 voa
789 3557 901 3620 Ler'bm'z,
915 3560 947 3621 ll,
963 3562 1008 3609 lai
1024 3573 1094 3625 sqq.;
1110 3560 1236 3621 Raumer,
1251 3558 1398 3610 Gerebielrte
1415 3559 1461 3608 dar
1471 3570 1574 3624 goma·

364 3657 466 3708 arachen
476 3656 626 3722 Pln'toloqr'e,
643 3656 751 3720 iol-iol
764 3669 770 3716 ;
784 3652 850 3716 nali,
862 3653 893 3705 G.
909 3650 948 3704 W.
960 3649 1062 3704 Leibnr'z
1085 3655 1125 3705 uls
1137 3649 1354 3721 Spraelrsorsrlrer·
1365 3652 1419 3706 und
1427 3651 1574 3721 Etymtm,

364 3751 397 3816 ir,
414 3755 501 3813 ibba,
518 3753 604 3812 seio,
621 3749 708 3812 abii,
727 3747 828 3812 lii-5³3
844 3745 994 3812 Plieiderer,
1009 3747 1039 3800 G.
1059 3745 1098 3801 W.
1113 3748 1216 3800 Ler'bm'a
1228 3751 1270 3801 ate
1284 3749 1395 3812 Potrici,
1409 3749 1575 3801 Staatsmrmt

361 3848 416 3900 uad
437 3846 666 3912 er·eciunqrc·spo·‚
689 3846 812 3896 iili-iit.
829 3865 859 3884 -·
874 3845 945 3896 luter
966 3853 1043 3912 quos,
1058 3846 1172 3897 liaumer
1195 3847 1221 3896 et
1241 3843 1341 3898 Neiflus
1354 3846 1459 3897 tunium
1477 3843 1572 3898 laudes

364 3945 491 4000 basianus
513 3945 670 4010 temperant,
687 3944 716 3995 ut
739 3939 857 3994 leibnitii
882 3939 1099 4008 praecursoribus
1118 3943 1145 3995 ei
1164 3940 1322 4010 aequalibus
1348 3940 1453 3996 debitae
1471 3942 1574 4010 gratias

362 4044 451 4097 tumen
465 4041 567 4108 partem
582 4037 697 4106 aliquam
712 4035 870 4091 concedant.

397 4133 433 4206 (i)
450 4136 506 4189 lion
517 4133 637 4202 estquod
648 4132 732 4186 iusim
744 4132 792 4187 boc
807 4132 864 4186 loco
876 4143 1042 4200 exponamus
1052 4141 1132 4202 quam
1144 4131 1285 4188 obstinatis
1296 4131 1418 4201 precibus
1430 4131 1573 4190 leibnitius

362 4243 454 4290 omnes
469 4231 655 4292 obsecraverit,
672 4241 786 4296 quorum
799 4241 848 4296 ope
867 4233 914 4282 aut
935 4230 1092 4282 auctoritate
1114 4229 1203 4297 aliqua
1224 4230 1387 4282 diversarum
1404 4231 1429 4283 iu
1452 4229 1574 4284 omnibus

364 4330 435 4386 urbis
448 4329 577 4381 terrerum
593 4325 713 4393 partibus
733 4329 921 4393 usurpatorum
941 4324 1093 4393 linguarum
1116 4327 1261 4392 specimina
1282 4329 1393 4393 possent
1414 4329 1513 4392 parari,
1531 4321 1574 4378 aut

362 4427 456 4481 lterum
479 4436 615 4477 narremus
630 4433 683 4490 qua
708 4434 767 4475 rara
789 4420 919 4475 industria
939 4423 995 4473 tuni
1011 4421 1189 4475 missiouarios
1211 4416 1244 4483 [si
1259 4418 1423 4475 leibnitium
1439 4422 1519 4475 verbo
1535 4407 1571 4473 uti

362 4515 402 4579 ias
414 4521 462 4592 est]
478 4525 504 4574 et
517 4522 638 4581 viatores,
655 4522 711 4572 ium
725 4519 827 4586 legatos
848 4522 874 4572 et
888 4519 1031 4580 ministros,
1047 4519 1127 4572 immo
1149 4519 1280 4586 principes
1295 4529 1425 4588 regesque
1446 4521 1529 4586 ipsos,
1545 4520 1569 4572 ia

362 4615 459 4680 laberis
481 4620 633 4674 sacietatem
662 4617 810 4674 adsciverit.
840 4620 912 4672 lianc
936 4617 1006 4674 enlm
1032 4614 1090 4686 eJ'us
1111 4617 1198 4686 operis
1212 4619 1326 4686 partem,
1345 4628 1484 4690 nunquam
1497 4617 1565 4672 uerte
