3446 5452
686 590 902 681 ,1135ὦ

177 749 300 816 studio
316 752 479 816 fervebant
499 771 601 816 novae
617 753 778 834 opinionis
802 756 953 818 lautores.
970 755 1009 818 lli
1025 754 1157 834 quidem
1177 753 1281 834 prima
1302 745 1406 834 speeie

179 862 396 941 increpantes
412 880 493 941 quae
509 862 722 943 grandiloquo
746 881 892 924 sermone
916 861 1088 924 delirarent
1109 862 1358 924 Lohensteinius
1378 866 1408 924 at

180 970 551 1033 Hoffmannsvaldavius
567 987 744 1050 eorumque
757 975 938 1044 sectatores,
954 972 1002 1033 val
1020 985 1101 1050 quae
1113 972 1233 1033 insulse
1249 989 1285 1032 ac
1296 970 1407 1050 putide

179 1079 372 1156 composito
396 1081 490 1138 motu
517 1082 668 1139 canerent
692 1077 939 1139 Harsdoeriierus
960 1083 991 1139 et
1008 1079 1233 1158 chnesienses
1249 1081 1405 1151 Pastores,

177 1187 243 1246 vel
260 1203 341 1264 quae
354 1186 450 1248 stulte
467 1185 642 1246 somniaret
655 1185 796 1263 Caesius,
814 1203 882 1248 sese
895 1187 1060 1266 jactabant
1075 1192 1111 1249 ut
1126 1187 1182 1266 qui
1196 1188 1318 1266 poesim
1332 1205 1406 1247 cum

181 1285 318 1363 integra
345 1301 455 1344 rerum
485 1288 602 1344 natura
635 1289 867 1362 componerent
890 1292 921 1345 et
957 1286 995 1345 ad
1021 1287 1199 1364 simplicem
1235 1303 1407 1364 veramque

183 1387 421 1470 mentisatque
438 1393 595 1453 sermonis
610 1394 743 1471 effigiem
761 1394 930 1470 scriptores
947 1397 1142 1454 revocarent.

232 1501 314 1560 Cum
336 1503 441 1560 autem
468 1499 674 1572 affirmarent,
700 1524 715 1555 a
730 1518 779 1560 res
803 1502 846 1560 ita
870 1517 939 1560 esse
959 1500 1189 1578 depingendas,
1216 1503 1253 1559 ut
1274 1517 1406 1578 appare-

183 1611 264 1668 rent
285 1607 315 1667 et
337 1608 604 1684 perciperentur»
635 1607 734 1679 (haud
760 1607 852 1668 aliter
873 1608 958 1669 eninr
989 1607 1133 1686 loquitur
1150 1607 1218 1684 ipse
1240 1607 1404 1686 Weisius),

188 1715 346 1792 utrinque
359 1715 393 1773 in
406 1715 498 1792 ch'us
514 1718 603 1773 crant
617 1715 709 1791 lapsi.

234 1823 377 1899 Namque
401 1821 479 1880 hinc
505 1837 635 1880 omnem
660 1820 807 1881 eximiam
833 1822 982 1899 fingentis
1014 1822 1133 1899 ingenii
1162 1821 1301 1881 sormam
1327 1825 1358 1882 ct
1379 1821 1405 1880 si

191 1929 273 2008 quid
289 1929 423 2008 contigit
438 1929 525 2006 poesi
544 1929 769 1989 oblectamenti
796 1929 954 1998 delebant,
977 1930 1181 2006 carminaque
1206 1929 1246 1988 ad
1268 1930 1404 1989 solutam

191 2037 370 2096 orationem
386 2038 441 2094 aut
456 2031 589 2094 interius
603 2035 811 2112 abjiciebant;
829 2036 930 2107 illinc,
944 2035 1172 2113 grammaticae
1190 2035 1405 2112 integritatem

190 2142 355 2202 laedentes
371 2141 486 2218 (usque
503 2158 539 2201 eo
557 2141 644 2201 euim
658 2142 787 2201 effertur
806 2141 1000 2218 Schuppius)
1018 2141 1059 2216 (l)
1085 2145 1115 2200 et
1137 2159 1266 2200 omnem
1288 2159 1407 2200 sermo·

191 2249 245 2309 nis
265 2247 457 2326 elegantiam
479 2248 649 2323 aspernati.
665 2248 806 2325 linguam
824 2251 918 2325 atque
942 2248 1062 2324 poesim
1090 2247 1212 2325 vulgari
1228 2248 1405 2306 tractabant

193 2373 270 2427 usu,
288 2371 422 2432 quarum
441 2354 571 2413 alteram
593 2354 740 2413 inficetiis
756 2358 784 2414 et
805 2353 993 2425 rusticitate,
1021 2355 1154 2413 alteram
1170 2353 1406 2414 inhumanitate

194 2461 370 2522 civilitate
397 2460 613 2520 maculabant.
636 2503 639 2510 .

234 2569 357 2640 Quibus
370 2569 406 2626 ut
421 2566 579 2626 auxilium
594 2566 722 2627 daretur
744 2567 775 2625 in
790 2571 965 2644 posterum,
990 2585 1119 2628 necesse
1141 2572 1208 2628 erat
1233 2568 1406 2627 auctorita-

189 2680 256 2735 tem
280 2674 482 2743 ultimorum,
511 2674 566 2750 qui
597 2673 871 2742 Lohensteinium,
896 2675 1041 2734 Caesium
1071 2675 1277 2752 gregalesque
1303 2679 1404 2734 secta-

191 2782 321 2851 bantur,
338 2777 483 2838 funditus
498 2778 630 2852 discuti;
648 2779 789 2838 infirmas
804 2784 909 2839 autem
926 2779 1041 2850 adhuc,
1060 2780 1193 2840 sednon
1210 2780 1282 2840 idco
1299 2781 1405 2839 miuus

187 2887 386 2966 perniciosas
404 2885 473 2944 erui
497 2885 658 2944 doctrinas
674 2885 806 2944 illorum
828 2886 981 2957 virorum,
1001 2887 1056 2963 qui
1079 2904 1111 2945 se
1131 2886 1287 2962 simplicis
1312 2891 1341 2946 et
1366 2885 1405 2945 ad

188 3011 305 3053 verum
318 3009 485 3068 expressae
498 2994 632 3051 naturae
648 2990 818 3051 advocatos
834 2993 1006 3069 gerebant;
1025 2993 1109 3052 riam
1132 2993 1320 3069 praesertim
1337 3010 1408 3070 ape-

191 3101 259 3172 riri,
285 3105 316 3159 et
342 3098 531 3176 opinionum
566 3096 700 3157 dimidio
735 3099 803 3176 jam
832 3103 943 3158 exacto
980 3099 1109 3158 saeculo
1143 3099 1404 3158 corrourrcutium

190 3206 335 3268 tumultu
359 3204 475 3264 servari
502 3205 528 3264 si
555 3203 633 3281 quid
655 3205 724 3264 sani
752 3205 933 3281 rationique
962 3205 1096 3282 congrui
1118 3205 1242 3281 Opitius
1267 3205 1406 3282 ejusque

190 3311 305 3390 optimi
322 3309 474 3386 discipuli
491 3309 691 3381 emisissent;
710 3309 807 3387 quod,
832 3310 956 3369 firmius
969 3311 1191 3382 constitutum,
1208 3310 1405 3386 principium

189 3420 290 3491 fieret,
308 3415 394 3477 uude
406 3415 536 3476 tandem
552 3415 700 3494 progredi
724 3433 760 3476 ac
775 3416 927 3494 proficere
947 3416 1058 3494 lingua
1075 3417 1245 3494 possisque
1261 3421 1402 3492 possent.

229 3526 265 3584 ln
280 3542 318 3584 eo
335 3540 463 3601 quoque
478 3523 619 3600 incepto,
632 3527 668 3583 ut
683 3523 716 3582 in
729 3523 914 3600 linguarum
930 3525 961 3582 et
971 3523 1186 3601 etymologine
1197 3522 1314 3593 studio,
1327 3523 1409 3582 inter

190 3649 223 3692 se
249 3629 430 3691 consentire
458 3628 612 3689 Morholio
637 3629 859 3706 Leihnitioque
888 3630 1032 3708 contigit.
1064 3629 1155 3701 Quod
1183 3630 1270 3689 enim
1292 3630 1346 3688 ille
1370 3631 1404 3688 in

188 3737 308 3799 ultima
322 3733 533 3795 Institutionis
547 3739 635 3814 parte
651 3754 797 3815 agressus
811 3741 887 3809 erat,
903 3737 1090 3808 Leihnitius,
1112 3735 1296 3813 quindecim
1311 3737 1403 3796 annis

190 3844 322 3916 exactis,
352 3846 464 3920 postea
490 3841 550 3902 sibi
575 3843 711 3902 assumit
742 3843 775 3902 in
801 3843 912 3903 libello
942 3841 1200 3923 csoeorprelsticte
1229 3841 1404 3904 chonlscn.

189 3953 313 4012 Rursus
328 3951 436 4028 igitur,
453 3949 622 4026 etoptimo
648 3949 732 4026 jure,
758 3966 854 4026 opera
882 3950 978 4009 ambo
1002 3949 1153 4009 videntur
1175 3950 1258 4009 inter
1284 3968 1316 4009 se
1340 3968 1408 4010 csse

190 4054 397 4126 conserenda,
415 4058 446 4114 et
458 4054 512 4114 hic
527 4055 640 4132 majori
658 4054 859 4127 etiamnum,
877 4071 975 4132 quam
998 4055 1053 4114 ubi
1074 4055 1112 4114 de
1134 4073 1263 4115 summa
1277 4056 1407 4133 linguae

190 4169 248 4224 aut
259 4161 476 4240 etymologiae
492 4159 639 4220 doctrina
651 4161 815 4237 agebatur,
833 4161 942 4238 aliquo
966 4165 1049 4220 certe
1077 4178 1237 4220 consensu
1254 4162 1407 4222 intereos

196 4270 235 4331 de
251 4266 413 4348 ejusmodi
427 4266 542 4326 studiis
555 4267 707 4344 jamtum
722 4272 896 4345 comperto.

198 4486 501 4498 ...-..—.

233 4609 271 4672 (1)
291 4609 329 4660 ci.
344 4610 467 4674 eruerer,
482 4626 509 4678 p.
524 4615 572 4664 aaa
585 4616 611 4666 ec
623 4617 682 4666 aaa.
