3446 5452
841 582 1052 658 -170-

339 727 493 802 delectus,
522 729 578 807 qui
608 729 798 807 praesertim
826 730 865 792 ab
894 731 981 792 omni
1012 729 1181 811 peregrino
1210 731 1368 793 vocabulo
1393 730 1561 792 abstinere

343 833 466 896 debeat.
483 835 560 896 Cum
579 835 666 895 enim
680 853 775 896 voces
791 836 961 914 quaedam,
978 855 1039 898 usu
1062 839 1165 909 tritae,
1181 838 1246 897 sive
1264 838 1303 897 ab
1317 837 1470 914 antiquis,
1487 837 1562 896 sive

339 959 357 1000 a
387 941 620 1003 recentioribus
646 942 765 1020 linguis
794 943 862 1004 sine
890 943 960 1004 labe
981 943 1107 1005 adsumi
1135 950 1167 1006 et
1194 944 1358 1006 communi
1382 944 1433 1004 vel
1458 944 1560 1003 etiam

337 1048 489 1108 nobiliori
523 1047 650 1109 dicendi
677 1050 786 1127 generi
815 1050 942 1127 possint
966 1050 1150 1123 immisceri,
1182 1051 1261 1110 «vel
1287 1067 1353 1110 uno
1383 1067 1422 1110 ex
1449 1050 1562 1110 aliena

344 1155 456 1234 lingua
476 1155 598 1216 adscito
614 1157 771 1217 vocabulo
786 1157 968 1217 maculatur
987 1173 1118 1218 carmen
1138 1156 1368 1234 quodcumque
1385 1178 1399 1210 »
1414 1156 1469 1233 (l),
1491 1154 1560 1216 nisi

338 1260 430 1334 sorte,
452 1278 522 1322 rara
545 1262 743 1340 exceptione,
767 1263 800 1346 in
825 1263 987 1324 comicum
1009 1281 1090 1342 opus
1110 1263 1273 1342 quoddam
1293 1261 1358 1324 buc
1378 1263 1467 1334 illuc,
1484 1279 1560 1322 mo-

343 1365 439 1427 vendi
455 1367 539 1428 risus
553 1384 660 1438 causa,
684 1368 789 1428 aliena
803 1387 864 1428 vox
884 1386 922 1430 ex
936 1369 1101 1446 proposito
1117 1369 1314 1430 admittatur.

384 1475 448 1534 Nec
462 1474 587 1534 minore
611 1473 778 1534 sedulitate
799 1475 993 1553 ejiciendum
1014 1480 1062 1536 est
1082 1475 1240 1554 quidquid
1259 1476 1396 1536 nimiam
1415 1480 1560 1536 vetusta·

337 1583 403 1639 tem
419 1584 474 1638 aut
488 1580 666 1640 novitatem
683 1580 805 1641 redolet
820 1580 1014 1658 vitandaque
1039 1585 1114 1642 sunt
1136 1581 1348 1643 dialectorum
1369 1583 1476 1656 rerba,
1492 1581 1559 1641 nisi

339 1702 451 1745 rursus
467 1685 501 1744 in
514 1685 707 1762 quibusdam
720 1687 840 1764 jocosis
857 1687 1018 1764 operibus,
1033 1687 1166 1765 perinde
1187 1706 1224 1749 ac
1244 1689 1432 1766 peregrinae
1449 1704 1557 1754 voces,

339 1792 480 1852 facetum
500 1792 532 1852 in
557 1791 693 1852 modum
717 1792 929 1854 adhibeantur
953 1794 1007 1870 (ᾖ).
1033 1795 1154 1854 Pariter
1172 1793 1344 1872 fugiendae
1363 1798 1439 1854 sunt
1461 1811 1559 1854 sono-

340 1915 412 1958 rum
426 1897 623 1958 imitationes
638 1899 727 1969 istae,
745 1899 862 1976 quibus
877 1904 990 1976 poetae
1009 1898 1141 1975 quidam
1160 1899 1304 1959 carmina
1325 1916 1384 1959 sua
1400 1897 1560 1958 viridiora

340 2004 407 2064 fiori
435 2004 628 2082 opinantur;
653 2023 728 2064 nam
752 2005 888 2065 summis
911 2005 995 2082 apud
1012 2005 1161 2082 antiquos
1185 2004 1311 2064 vatibus
1333 2005 1470 2065 feliciter
1485 2021 1558 2064 suc-

340 2112 435 2171 cessit
457 2127 574 2171 canora
596 2127 713 2171 vocum
732 2111 885 2188 junctura
907 2112 1069 2171 ueletiam
1092 2128 1243 2170 sonorum
1270 2111 1387 2190 image,
1407 2111 1462 2188 qui
1480 2128 1557 2170 nus-

340 2234 442 2295 quam
457 2220 565 2278 tamen
579 2216 707 2277 laeticia
728 2218 789 2276 ista
809 2223 838 2278 et
854 2217 892 2277 ad
908 2219 1010 2278 risum
1025 2218 1171 2296 proxima
1186 2222 1253 2278 arte
1274 2218 1324 2276 usi
1345 2221 1420 2277 sunt
1434 2219 1487 2294 (3).

386 2325 530 2400 Namque
545 2323 684 2382 nimium
696 2323 791 2383 multi
810 2324 980 2400 scriptores
997 2324 1140 2401 poeticae
1157 2323 1308 2384 dictionis
1324 2322 1514 2402 dignitatem
1528 2327 1559 2382 et

340 2428 492 2507 vigorem
509 2447 527 2488 a
542 2428 685 2506 speciosa
701 2433 731 2488 et
751 2429 860 2489 inllata
876 2428 1002 2490 dicendi
1014 2429 1116 2490 torma
1129 2430 1264 2490 minime
1275 2429 1472 2500 discernunt,
1485 2446 1558 2490 oum

259 2515 262 2524 ⁵
344 2553 420 2596 suos
433 2552 544 2594 versus
559 2535 686 2612 turgide
702 2535 891 2612 compositis
905 2540 935 2596 et
950 2534 1204 2596 redundantibus
1217 2536 1322 2595 verbis
1337 2540 1482 2608 onerent,
1505 2540 1559 2596 aut

346 2641 500 2720 epithetis
516 2643 640 2702 sonoris
657 2647 687 2702 et
701 2642 822 2720 putidis
843 2642 997 2720 loquendi
1014 2642 1201 2702 circuitibus
1226 2643 1401 2703 abutantur
1415 2644 1469 2718 (t).
1485 2642 1557 2702 Ubi-

344 2768 406 2828 que
426 2754 538 2810 contra
552 2750 705 2810 brevitate
722 2755 751 2809 et
764 2749 971 2826 simplicitate
987 2749 1078 2809 decet
1092 2750 1252 2826 poeticam
1267 2748 1443 2810 dictionem
1461 2749 1557 2826 potis-

344 2857 464 2918 simum
487 2858 588 2916 nitere
607 2875 613 2916 :
632 2881 645 2912 «
663 2875 697 2916 es
714 2858 754 2917 ist
776 2857 846 2917 eine
873 2873 982 2936 grosse
1014 2856 1117 2916 Kunst
1140 2855 1190 2916 die
1220 2855 1304 2916 Rede
1332 2857 1423 2917 nicht
1452 2857 1559 2916 weiter

349 2963 575 3036 auszuziehen,
591 2964 637 3023 als
664 2963 715 3022 die
737 2962 838 3023 Sache
861 2980 894 3022 es
916 2962 1072 3023 erfordert
1086 2985 1100 3017 u
1119 2963 1171 3040 (5).
1184 2962 1287 3035 Quam
1312 2980 1461 3023 normam
1486 2981 1558 3042 prae

353 3071 456 3132 oculis
474 3087 601 3147 semper
625 3070 741 3130 habeat
760 3075 855 3147 poeta
870 3087 1001 3130 necesse
1014 3074 1072 3144 est,
1088 3070 1259 3147 praecipue
1271 3069 1296 3128 si
1313 3069 1558 3147 descriptionem

350 3179 494 3256 aliquam
507 3178 682 3257 susceperit
696 3179 707 3252 (
732 3179 751 3246 ).

389 3284 428 3345 lt
439 3301 647 3362 nequaquam
663 3303 679 3343 a
695 3301 776 3361 pura
789 3282 929 3343 dictione
943 3282 1114 3343 abhorrent
1130 3283 1298 3343 verborum
1324 3284 1557 3354 translationes

358 3411 441 3474 quae
455 3398 565 3454 contra
580 3393 721 3453 multum
735 3393 842 3452 valent
855 3392 894 3452 ad
912 3391 1116 3452 informanda
1143 3395 1173 3451 et
1190 3391 1447 3452 transformanda
1474 3409 1561 3453 voca·

379 3719 416 3781 (l)
434 3719 504 3780 Uret„
519 3721 578 3770 659.
595 3745 625 3756 -
637 3718 674 3769 Cf.
691 3720 753 3768 Uno.
768 3719 842 3776 ded..
859 3719 971 3782 §st-95.

382 3815 417 3878 (2)
436 3811 512 3875 ibuit,
530 3815 578 3864 656
589 3816 616 3863 et
631 3815 679 3863 diti
690 3827 698 3876 3
712 3812 746 3864 ci.
765 3814 828 3862 tino.
845 3813 919 3873 ded,
936 3813 1004 3875 §aa
1020 3839 1049 3850 -
1068 3815 1138 3872 uni..
1156 3816 1203 3864 509
1214 3829 1221 3877 ;
1239 3814 1272 3866 cl.
1291 3815 1353 3864 Uno.
1368 3814 1442 3875 ded,
1459 3815 1529 3878 584.

379 3909 419 3970 (3)
440 3909 510 3972 dne,
526 3911 652 3959 656-657.
666 3935 693 3945 -
713 3911 809 3960 Notum
824 3911 863 3958 est
877 3911 977 3974 quanto
990 3908 1078 3959 studio
1093 3911 1249 3961 «imitatrici
1264 3925 1278 3957 l>
1292 3909 1363 3976 poesi
1375 3910 1480 3974 opitius
1493 3909 1562 3960 lave·

348 4006 388 4056 ret
406 4019 412 4066 ;
438 4016 532 4055 vocum
548 4007 573 4054 et
588 4015 713 4054 sonorum
729 4003 898 4062 imitationes,
914 4002 1099 4054 resultationes
1112 4007 1137 4053 et
1150 4005 1373 4068 repercussiones,
1388 4006 1564 4054 consonantes

349 4102 491 4165 certaeque
514 4099 615 4163 figuras
638 4100 867 4163 repraesentantes
895 4097 1033 4148 verborum
1059 4099 1267 4158 terminationes,
1293 4101 1449 4164 ceteraeque
1479 4111 1565 4164 nugae

354 4191 575 4259 Pegnesiensibus
599 4191 752 4242 pastoribus
776 4191 851 4242 valde
866 4191 1017 4256 placebant,
1032 4194 1076 4258 qni
1098 4191 1159 4241 nibil
1181 4191 1251 4242 aliud
1266 4194 1291 4242 in
1305 4192 1468 4243 carminibus
1484 4206 1562 4260 ponc·

352 4287 428 4340 bant.

382 4381 418 4448 (l)
439 4383 509 4444 Uret„
523 4383 572 4432 655
582 4395 590 4444 ;
606 4379 640 4432 oi.
655 4380 688 4432 ad
703 4393 834 4432 summam
852 4381 914 4430 Unu.
931 4379 1033 4444 dea.,§
1049 4382 1135 4432 tte-62.

381 4479 419 4543 (5)
440 4476 516 4538 leid,
533 4479 595 4527 tel.

382 4570 418 4640 (a)
435 4571 514 4634 leid„
530 4573 578 4622 ort
593 4583 653 4644 sqq.
