3462 5452
870 595 1058 678 -84..

361 749 432 835 gica
453 769 502 816 res
530 751 735 834 conjecturis,
752 773 817 816 non
834 754 1161 816 demonstrationibus
1178 752 1297 834 agilum
1318 757 1348 816 et
1371 747 1466 816 credo
1483 765 1572 813 veras

361 862 523 924 interdum
540 880 608 923 esse
623 864 773 942 origines,
791 879 873 942 quae
901 863 1033 924 mininie
1056 865 1130 923 sunt
1146 863 1346 922 verisimiles.
1365 862 1463 922 Casus
1488 859 1572 920 enim

362 968 395 1029 in
423 969 609 1048 linguarum
637 969 871 1029 mutationibus
906 969 1008 1046 magis
1036 984 1133 1046 quam
1168 969 1339 1028 consilium
1372 967 1568 1027 dominatur.

360 1074 469 1152 ltaque
485 1074 538 1134 vix
552 1092 696 1152 unquam
711 1074 861 1152 probabis
877 1073 1109 1135 derivationem
1124 1075 1336 1148 verissimam,
1358 1074 1383 1134 si
1406 1073 1445 1134 ad
1460 1073 1571 1132 vivum

361 1199 513 1243 reseces»
530 1184 584 1257 (1).
603 1183 665 1241 Nec
689 1180 794 1268 urinps
813 1184 919 1259 aperte
943 1179 1062 1241 indicat
1086 1198 1148 1259 qua
1170 1181 1293 1240 ratione
1318 1181 1350 1240 in
1366 1176 1572 1240 instituendis

361 1287 628 1366 etymologiarum
644 1287 944 1365 investigationibus
960 1291 1078 1360 utatur,
1096 1304 1168 1347 cum
1191 1287 1289 1348 dicit:
1308 1311 1322 1342 α
1339 1287 1423 1348 Haeo
1439 1301 1570 1362 compa-

361 1412 430 1454 rare
445 1411 511 1454 non
527 1392 752 1472 injucundum,
769 1397 799 1452 et
814 1393 903 1452 velut
917 1393 1025 1452 venari
1037 1393 1251 1454 occultantem
1265 1410 1297 1453 se
1313 1392 1478 1453 veritatem
1492 1408 1498 1463 ;
1518 1387 1572 1450 sed

362 1500 438 1560 certi
455 1498 577 1576 aliquid
595 1499 721 1576 eligere,
739 1497 867 1558 dillicile
882 1521 896 1552 u
914 1502 925 1573 (
948 1503 968 1573 ).

402 1607 490 1667 itanc
512 1605 722 1684 igiturartem
745 1605 782 1664 ab
806 1622 843 1664 eo
867 1608 992 1664 constat
1014 1621 1072 1682 pro
1096 1621 1222 1664 amoena
1238 1609 1269 1664 et
1290 1605 1412 1664 urbana
1432 1603 1572 1664 oblecta-

326 1741 329 1750 =
361 1713 449 1772 tione
465 1729 532 1772 esse
555 1711 709 1782 habitam,
726 1710 868 1787 aequasi
886 1709 962 1771 ludo
978 1709 1119 1787 quodam
1144 1711 1177 1770 in
1199 1727 1275 1787 quo,
1294 1713 1328 1770 ut
1350 1709 1471 1788 optime
1496 1707 1573 1768 dicit

360 1819 399 1878 M.
416 1818 586 1878 Muellerus
604 1819 657 1896 (3),
676 1817 795 1896 ingenii
811 1817 892 1876 sales
907 1821 938 1876 et
954 1816 1094 1893 argutias
1110 1815 1290 1876 ostentandi
1312 1815 1437 1876 occasio
1453 1815 1570 1892 cuique

362 1924 508 1997 daretur;
527 1924 617 1984 nullo
633 1927 740 1982 autem
756 1926 849 2001 pacto
864 1940 934 1982 eam
950 1940 1091 2000 unquam
1106 1940 1214 1983 veram
1230 1927 1260 1982 et
1273 1923 1393 2000 justam
1407 1921 1571 1982 scientiam

360 2031 484 2108 putavit
496 2031 551 2109 (l).
565 2028 656 2102 Quod
678 2027 807 2105 quidem
823 2028 891 2105 ipsa
905 2029 1036 2106 insuper
1050 2027 1221 2088 manifesto
1235 2031 1370 2088 testatur
1392 2026 1432 2087 ad
1452 2031 1574 2104 etymo-

362 2137 463 2215 logias
476 2134 644 2196 tentandas
664 2133 844 2195 accedentis
860 2135 951 2195 ratio.

402 2245 475 2303 Tres
489 2242 678 2321 praecipuas
694 2257 881 2301 sermonum
904 2241 1025 2319 species
1046 2239 1252 2318 peculiariter
1275 2240 1422 2301 tractavit
1446 2238 1571 2301 Leibni·

362 2350 426 2410 tius
445 2366 451 2408 :
469 2348 597 2410 celticas
613 2347 777 2421 dialectos,
793 2347 1054 2425 francogallicam
1070 2345 1214 2424 linguam
1230 2350 1260 2406 et
1275 2346 1503 2424 germanicam.

402 2455 448 2516 nd
469 2453 676 2532 inquirendas
690 2453 842 2515 dialectos
856 2454 984 2514 celticas
1003 2469 1078 2512 eum
1092 2451 1319 2512 sollicitaverat
1332 2452 1469 2513 Daviesii
1483 2448 1570 2512 Leai-

363 2581 418 2624 con
434 2558 798 2624 Conubia-Britannicum
820 2578 838 2620 a
861 2559 1041 2620 Boxbornio
1057 2563 1244 2636 excerptum
1264 2561 1294 2618 et
1317 2574 1428 2618 recens
1449 2555 1568 2635 publici

360 2669 443 2746 juris
467 2668 599 2738 lactum,
628 2683 691 2744 quo
712 2665 792 2726 duce
813 2683 906 2725 sunm
924 2661 1073 2725 Glossarii
1099 2661 1207 2724 Celtici
1231 2660 1391 2744 Specimeu
1411 2663 1571 2741 conscrip-

365 2776 404 2834 sit
431 2776 484 2853 (ὅ).
515 2773 583 2845 Qua
609 2777 716 2832 autem
739 2772 862 2832 ratione
884 2775 914 2832 et
943 2788 1006 2848 quo
1031 2770 1140 2829 animo
1166 2770 1309 2830 laborem
1332 2769 1571 2848 suscipiendum

362 2879 601 2950 eristimaverit‚
619 2878 697 2937 haec
713 2877 751 2936 ad
767 2877 937 2937 Ludollum
958 2877 1076 2954 scripta
1098 2875 1184 2936 lraud
1206 2876 1354 2954 ambigue
1370 2876 1568 2954 significant:

364 3011 377 3042 n
394 2985 600 3047 Consideravi
616 3002 681 3044 non
697 2985 740 3043 ita
754 2983 877 3060 pridem
895 2983 1023 3060 linguae
1045 2982 1227 3042 Cambricae
1248 2986 1295 3042 vet
1315 2982 1466 3043 Wallicae
1482 2981 1569 3044 Lexi-

362 3110 434 3165 con‚
452 3090 537 3168 quod
551 3089 659 3150 recudi
676 3090 799 3149 curavit
813 3089 1025 3162 Boxhornius,
1050 3092 1080 3148 et
1095 3087 1187 3148 video
1210 3089 1309 3148 rrrulta
1324 3107 1391 3149 esse
1408 3089 1569 3150 tierrrtani-

362 3199 408 3259 cis
429 3197 546 3256 nostris
569 3195 801 3256 consentientia
824 3217 838 3248 u
863 3197 913 3274 (6).
947 3194 1019 3267 Sed,
1041 3193 1119 3272 quid
1144 3194 1203 3254 sibi
1227 3196 1440 3273 proposuerit,
1468 3197 1569 3256 multo

363 3301 502 3364 lucidius
518 3301 635 3361 iterum
651 3319 688 3361 ex
703 3301 765 3362 hoo
780 3301 880 3380 ipsius
896 3298 1077 3382 Speciminis
1094 3301 1164 3361 loco
1183 3305 1292 3378 patet:
1318 3325 1332 3358 α
1350 3301 1517 3363 Caeterum
1533 3307 1569 3363 ert

361 3410 423 3483 his,
453 3425 533 3486 quae
560 3407 644 3481 dedi,
669 3408 844 3486 apparebit,
871 3408 995 3487 opinor,
1022 3408 1165 3487 linguam
1190 3413 1334 3470 veterum
1356 3411 1519 3472 Gallorum
1541 3414 1569 3470 et

398 3761 432 3829 (1)
452 3763 501 3814 Dut
516 3801 522 3827 ,
537 3765 644 3831 leius
657 3767 682 3828 2,
696 3779 721 3831 p.
740 3768 798 3817 too.

396 3861 431 3926 (2)
449 3861 525 3924 litat,
542 3862 583 3922 Vt,
600 3875 661 3927 pers
674 3864 698 3924 2,
714 3875 740 3926 p.
757 3864 813 3912 lii.

398 3958 433 4026 itt)
451 3958 587 4010 Nouveitee
600 3958 702 4024 tepens,
717 3960 736 4020 t,
752 3960 810 4009 aur.

396 4055 431 4122 (t)
450 4055 516 4106 lium
532 4053 563 4104 de
584 4057 633 4105 ieta
648 4052 786 4119 disciplina
810 4065 1009 4120 nonnumquam
1020 4052 1111 4120 jocose
1125 4055 1227 4107 tantum
1241 4056 1267 4107 et
1281 4052 1352 4108 velut
1365 4067 1410 4123 per
1429 4051 1569 4108 ludibrium

361 4153 448 4218 egisse
462 4149 627 4217 potissimum
641 4148 805 4200 demonstret
816 4150 908 4200 turtum
922 4161 982 4203 cum
997 4152 1092 4203 ttetero
1106 4153 1132 4204 et
1147 4151 1258 4205 Ludotto
1272 4151 1305 4205 de
1319 4153 1421 4222 origine
1431 4151 1570 4206 verborum

361 4245 550 4300 linreutaeuter·
572 4249 596 4298 et
620 4245 739 4298 dolaret
761 4249 911 4310 certamini
927 4259 960 4299 ex
975 4259 1028 4313 quo
1041 4245 1116 4300 tacite
1138 4247 1294 4316 intelligitur
1317 4248 1350 4301 ab
1363 4262 1393 4302 eo
1408 4249 1513 4316 saeptus
1533 4249 1568 4302 rei

361 4343 552 4412 etymologicus
572 4342 672 4395 nultum
696 4343 742 4393 nisi
769 4355 814 4408 per
835 4345 917 4394 otium
939 4347 964 4395 ei
987 4345 1062 4411 quasi
1084 4343 1269 4397 oblectamenti
1300 4359 1380 4398 causa
1399 4347 1569 4400 subsecivum

362 4437 467 4505 tempus
480 4437 560 4490 tuisse
574 4438 700 4490 tributum
717 4437 758 4502 (ct.
775 4437 845 4502 liat„
864 4439 1033 4504 Vinii-titii
1051 4441 1093 4503 Vt,
1108 4454 1169 4507 pars
1182 4443 1207 4500 1,
1226 4445 1284 4504 titt,
1303 4445 1370 4494 taut.

393 4527 428 4590 (5)
448 4525 484 4578 ct.
502 4524 665 4578 &ottericum
680 4525 859 4598 etymologica,
875 4528 904 4590 ΙΙ,
921 4527 1017 4580 8t·ttt
1032 4541 1061 4576 τι
1082 4528 1154 4594 but„
1172 4529 1212 4594 Vt,
1230 4542 1291 4600 pem
1306 4533 1331 4596 i,
1346 4543 1374 4600 p.
1394 4531 1499 4585 tutta

396 4623 432 4702 (1)
454 4621 524 4690 but..
543 4621 583 4692 vt,
602 4625 658 4678 rut.
