3462 5452
884 579 1075 662 ..70-

415 733 478 800 Nec
504 731 676 800 mediocris
704 753 762 816 pro
787 739 967 816 temporum
992 733 1116 798 ratione
1145 733 1214 798 laus
1236 733 1291 798 illa
1311 739 1373 798 esl.
1396 735 1515 798 Notum
1537 735 1577 798 est

375 849 463 910 enirn
483 849 605 910 multos
621 848 677 909 diu
698 849 782 909 viros
798 847 909 908 doctos
929 852 1068 908 veterem
1084 847 1265 908 saxonicam
1282 847 1428 926 linguam
1446 866 1464 907 a
1481 849 1576 907 vetera

374 957 538 1034 superiore
562 957 745 1035 germanica
768 974 834 1017 non
859 954 1058 1028 discrevisse,
1085 959 1116 1015 et
1140 955 1174 1014 in
1197 973 1235 1015 eo
1260 955 1443 1016 lliolresium
1466 955 1576 1033 ipsum,

375 1079 573 1140 quamquam
597 1062 756 1122 nonnulla
777 1059 929 1122 Helioadi
948 1061 1125 1142 fragmenta
1149 1060 1302 1136 ediderat,
1326 1062 1457 1122 ineunte
1478 1061 1578 1123 XVlll⁰

374 1169 518 1241 saeculo,
538 1168 668 1229 haerere
685 1167 739 1247 (l).
764 1169 917 1229 Morhofio
933 1172 1044 1230 contra
1058 1168 1147 1230 adest
1162 1169 1231 1247 jam
1246 1169 1396 1247 antiquae
1411 1169 1578 1248 superioris

372 1274 574 1352 germanicae
597 1274 641 1334 ita
660 1273 827 1334 familiaris
849 1279 880 1334 et
894 1274 1003 1334 lucida
1018 1275 1162 1348 scientia,
1179 1279 1214 1336 ut
1232 1293 1299 1336 non
1319 1275 1417 1336 modo
1439 1293 1579 1353 comper-

372 1385 441 1441 tum
467 1381 593 1454 habeat,
624 1380 707 1440 hanc
731 1381 769 1440 ab
793 1381 861 1453 illa,
891 1380 977 1458 quod
1002 1399 1098 1459 supra
1123 1382 1342 1459 exposuimus,
1368 1386 1398 1442 et
1422 1382 1579 1442 vocalium

371 1489 484 1550 babitu
503 1493 534 1550 et
548 1490 736 1567 praesertim
751 1489 996 1549 consonantium
1019 1489 1191 1550 inflexione
1213 1488 1304 1548 valde
1321 1488 1512 1567 discrepare,
1530 1487 1579 1548 scd

374 1596 473 1675 hujus
493 1597 589 1656 etiam
605 1594 684 1656 duas
700 1596 853 1656 dialectos
869 1596 1057 1674 praecipuas
1073 1595 1242 1668 discernat,
1262 1596 1385 1655 scilicet
1406 1595 1579 1655 alemanni-

373 1720 444 1764 cam
460 1707 491 1764 et
505 1702 679 1762 francicam
690 1704 740 1780 (2),
752 1706 847 1780 atquc
864 1702 994 1780 insuper
1013 1707 1170 1762 memoret
1184 1702 1224 1762 ad
1239 1702 1386 1763 eamdem
1401 1707 1538 1763 aetatem
1553 1707 1579 1762 el

375 1809 506 1888 stirpem
529 1826 653 1886 sparsas
674 1814 705 1869 et
727 1809 791 1869 huo
812 1827 913 1886 usquc
928 1809 980 1869 vix
1001 1815 1168 1887 spectatas,
1186 1827 1267 1887 quae
1283 1810 1418 1888 Legibus
1432 1811 1580 1871 Barbaro-

372 1932 443 1976 rum
466 1913 647 1988 traduntur,
664 1914 931 1994 Burgundionum
958 1921 987 1976 et
1012 1916 1296 1994 Langobardorum
1312 1917 1494 1995 linguarum
1512 1917 1580 1978 reli-

377 2022 468 2100 quias
481 2040 549 2082 csse
562 2021 743 2082 referendas
759 2023 811 2100 (3).

412 2127 565 2199 Quamvis
581 2132 687 2187 autem
711 2145 828 2204 magna
851 2127 946 2188 laude
963 2133 993 2188 et
1017 2127 1228 2188 admiratione
1245 2146 1341 2206 opera
1360 2133 1465 2190 vetere
1488 2147 1574 2207 supe-

374 2235 457 2295 riore
470 2234 653 2312 germanica
672 2233 807 2294 dialecto
825 2238 963 2308 exarata,
979 2251 1016 2294 ac
1039 2251 1115 2311 prae
1131 2235 1243 2295 ceteris
1261 2234 1374 2295 0tlridi
1395 2233 1427 2294 E
1429 2233 1575 2316 coopello,

371 2340 503 2420 abipso
529 2340 713 2417 saepissime
740 2341 773 2400 in
800 2341 1022 2401 testimonium
1044 2345 1156 2402 vocata
1176 2343 1231 2419 (4),
1255 2348 1480 2420 prosequatur,
1508 2363 1577 2405 eum

373 2451 481 2508 tamen
503 2446 636 2507 offendit
660 2446 748 2506 rudis
769 2446 926 2524 quaedam
947 2452 978 2507 et
1004 2447 1169 2508 incondita
1188 2448 1285 2526 bUJus
1311 2449 1441 2527 linguae
1459 2451 1577 2511 iacies:

374 2555 425 2614 cui
442 2554 611 2615 cultiorem
626 2554 932 2630 concinniorcmque
948 2553 1045 2614 medii
1066 2555 1134 2614 aevi
1157 2555 1376 2633 germanicum
1401 2574 1579 2618 sermonem

374 2662 480 2720 multo
505 2660 671 2739 anteponit
685 2659 738 2740 (5),
764 2678 961 2737 quamquam
982 2678 1073 2739 aegre
1097 2661 1201 2720 lertin
1222 2679 1271 2734 eo,
1295 2661 1435 2722 admissa
1458 2665 1579 2742 saepius

372 2785 475 2847 aequo
497 2785 614 2828 vocum
642 2768 871 2840 contractione,
888 2768 1065 2846 asperiores
1096 2768 1257 2828 interdum
1284 2786 1450 2830 occurrere
1475 2789 1577 2842 sonos,

371 2894 468 2954 quam
482 2893 561 2952 quos
577 2875 749 2934 hodiernae
763 2892 868 2947 aures,
887 2874 1092 2935 mollioribus
1106 2873 1356 2935 modulanrcntis
1372 2876 1576 2948 assuefactae,

376 2983 510 3043 tolerare
528 2981 654 3041 valeant
670 2979 724 3060 (6).

414 3087 502 3149 idem
518 3105 613 3166 porro
628 3087 745 3147 durum
764 3104 963 3164 raucumque
987 3085 1218 3165 pronuntiandi
1242 3105 1343 3167 genus
1369 3089 1402 3148 in
1426 3089 1578 3150 recentio-

375 3198 464 3259 ribus
479 3195 646 3257 nonnullis
662 3193 864 3254 sermonibus
880 3193 1025 3272 cjusdem
1042 3194 1148 3271 stirpis
1162 3211 1228 3253 non
1245 3194 1342 3254 modo
1356 3196 1576 3272 permansisse,

374 3304 428 3365 sed
446 3304 543 3364 etiam
557 3302 655 3361 abeis
671 3301 903 3378 amplificatum
917 3301 993 3360 etin
1007 3301 1099 3379 pejus
1115 3319 1243 3361 versum
1262 3319 1330 3362 esse
1348 3320 1504 3380 perquam
1517 3322 1579 3364 mo·

373 3412 450 3471 leste
474 3409 545 3482 lert,
567 3426 604 3469 ac
624 3408 740 3468 latetur
759 3405 975 3484 lepidissimos
996 3407 1092 3467 etiam
1114 3424 1226 3468 eorum
1254 3408 1349 3484 (inter
1372 3427 1452 3487 quos
1480 3411 1577 3471 nimio

375 3517 520 3590 fortasse,
536 3521 567 3576 at
587 3521 670 3576 certe
686 3515 778 3575 venia
801 3513 908 3593 digno,
926 3514 1085 3591 impulsus
1109 3532 1229 3588 amore,
1247 3515 1355 3576 nativo
1376 3517 1489 3594 ipsius,
1509 3517 1576 3578 Mis-

377 3623 470 3684 nensi
484 3639 612 3701 nempe,
629 3622 772 3700 primum
793 3619 906 3679 tribuit
923 3620 1045 3699 locum)
1063 3619 1125 3680 hoc
1146 3620 1224 3681 vitio
1239 3638 1383 3698 peccare,
1407 3640 1471 3700 quo
1495 3639 1580 3702 supe-

374 3731 468 3792 rioris
483 3729 671 3791 Germaniae
693 3725 832 3800 dialecti,
850 3745 868 3786 a
890 3727 1052 3787 montanis
1076 3725 1264 3788 bominibus
1289 3732 1472 3807 usurpatae,
1491 3747 1577 3790 aures

381 3836 555 3915 asperrime
568 3834 707 3895 laedant.

405 4033 442 4098 (l)
461 4030 499 4083 ct.
518 4029 629 4084 lliclresll
649 4029 866 4080 Dissertationem
884 4027 1053 4093 epistolarem
1073 4028 1098 4078 ln
1115 4028 1237 4080 Thesauri
1254 4029 1357 4081 Tomol
1373 4027 1444 4094 apud
1458 4029 1572 4090 haumar,

382 4140 409 4193 p.
424 4128 480 4178 lsi.

406 4219 444 4288 (2)
464 4221 534 4283 vat,
549 4223 591 4283 al,
609 4222 666 4282 lli,
682 4221 742 4281 312,
758 4220 817 4281 ³16,
832 4220 891 4270 lat.

409 4315 445 4384 (a)
463 4315 540 4377 rau,
556 4318 603 4366 roa
616 4317 643 4367 ot
656 4316 715 4366 aaa.

407 4413 441 4478 (l)
460 4409 536 4473 (ὀπὶ),
552 4413 610 4470 lta,
626 4411 751 4470 ald-³17,
766 4409 891 4472 ala-aaa,
912 4411 970 4472 40³,
988 4411 1035 4463 tbi
1050 4412 1076 4462 at
1088 4411 1197 4479 passim.

408 4505 446 4576 (5)
462 4505 539 4569 idid,
555 4509 614 4561 ³2⁵.

409 4601 443 4670 (6)
461 4599 537 4665 Ibat,
549 4601 670 4654 tlt-llll.
