3446 5452
664 619 807 703 -137
836 620 879 683 -’

659 916 808 992 CAPUT
837 918 882 991 ll.

223 1183 268 1232 DE
294 1181 556 1230 CONTROVERSllS
583 1182 628 1230 Ab
654 1182 799 1232 LINGUAE
827 1182 1046 1234 GERMANICAE
1072 1183 1324 1232 onnblmnrlcnbl

312 1331 555 1386 SPECTANTIBUS
582 1333 672 1398 QUAE
699 1334 820 1386 FUERIT
847 1333 1012 1385 lllOllHOFll
1039 1333 1232 1386 SENTENTIA·

647 1563 881 1582 m

201 1841 247 1904 Ao
263 1841 404 1921 primum
420 1861 517 1921 quam
533 1842 652 1922 dispari
672 1843 780 1905 animo
796 1846 827 1906 et
845 1845 995 1907 dissimili
1020 1843 1156 1907 consilio
1181 1863 1263 1924 opus
1283 1844 1376 1906 ambo

165 1950 354 2028 suscipiant,
369 1951 437 2029 jam
454 1952 522 2028 ipsa
536 1953 617 2012 ratio
632 1951 841 2026 demonstrat,
857 1956 1071 2032 qualiterque
1088 1971 1138 2014 res
1154 1954 1381 2031 grammaticas

165 2056 349 2119 tractandas
365 2057 557 2137 aggreditur.

205 2164 383 2225 Leibnitius
398 2164 481 2224 enim
499 2164 624 2224 disertis
640 2165 770 2242 quidem
787 2166 890 2226 verbis
911 2165 1085 2244 praedicat,
1103 2170 1260 2244 quantum
1282 2167 1381 2226 inter-

164 2273 214 2345 sit,
236 2277 272 2332 ut
288 2273 435 2334 absoluta
451 2271 583 2332 demum
608 2273 737 2351 linguae
760 2274 961 2351 germanicae
988 2273 1081 2333 detur
1104 2273 1325 2351 grammatica,
1349 2277 1379 2332 et

164 2380 306 2442 ostendit
333 2397 405 2440 eam
434 2397 534 2457 aeque
559 2381 735 2459 peregrinis
769 2379 983 2456 profuturam,
1018 2381 1147 2459 linguae
1179 2380 1381 2458 germanicae

167 2490 338 2568 asperitate
352 2489 479 2566 saepius
491 2488 635 2548 taedium
650 2487 861 2564 capientibus,
885 2506 922 2547 ao
945 2488 1109 2548 Germanis
1125 2488 1213 2564 ipsis,
1237 2488 1378 2565 patrium

166 2613 361 2667 sermonem,
390 2596 416 2654 si
442 2612 552 2654 verum
580 2595 765 2666 faterentur,
795 2596 986 2672 plerumque
1017 2593 1248 2654 consuetudine
1279 2594 1379 2671 magis

165 2720 262 2781 quam
285 2702 430 2762 doctrina
444 2702 686 2780 usurpantibus.
710 2703 753 2762 De
776 2701 885 2760 multis
901 2719 938 2760 eo
952 2701 1187 2777 pertinentibus
1212 2700 1256 2759 ita
1271 2699 1381 2776 dispu-

165 2812 222 2882 tat,
239 2813 276 2868 ut
290 2807 380 2885 quasi
396 2811 509 2885 sponte
530 2808 562 2866 in
581 2811 720 2868 mentem
739 2807 879 2882 veniant,
901 2825 983 2884 quae
1005 2806 1048 2867 -de
1072 2805 1183 2866 eadem
1211 2824 1243 2866 re
1264 2806 1380 2865 Fenelo

166 2916 201 2975 in
211 2912 360 2995 Epistola
374 2912 674 2988 odAcademiomssl
692 2914 778 2974 haud
799 2915 842 2974 ita
865 2915 965 2973 multo
985 2919 1058 2990 post
1080 2913 1264 2991 proposuit;
1292 2912 1381 2972 locu-

162 3021 349 3098 pletissimis
368 3025 452 3080 certe
474 3020 628 3097 exemplis
655 3019 862 3092 demonstrat,
879 3021 1097 3080 necessarium
1127 3037 1196 3079 esse
1220 3017 1380 3096 ejusmodi

162 3127 374 3188 enchiridion.
399 3129 447 3199 At,
465 3145 540 3186 cum
557 3127 624 3206 jam
641 3145 716 3186 eum
730 3125 853 3186 medias
870 3126 902 3184 in
925 3143 975 3185 res
999 3125 1166 3185 incessisse
1190 3123 1375 3194 credideris,
1400 3132 1403 3136 ’

162 3251 238 3296 cum
258 3235 326 3313 jam
348 3233 387 3293 ad
410 3233 442 3293 id
462 3234 560 3307 venit,
587 3237 622 3292 ut
645 3233 772 3311 singula
788 3250 935 3310 quaeque
957 3232 1183 3311 grammaticae
1208 3235 1379 3310 praecepta

161 3341 415 3421 perlustraturus
430 3340 586 3413 videatur,
608 3345 715 3417 atque,
733 3341 758 3399 si
780 3340 968 3416 exemplum
983 3340 1094 3399 afferre
1108 3339 1194 3411 licet,
1211 3338 1249 3399 de
1263 3356 1379 3418 genere

161 3448 249 3508 verbi
270 3445 390 3508 Urtbcil
404 3447 580 3524 disceptare
594 3446 700 3524 coepit,
718 3445 824 3504 subito
841 3461 874 3505 se
891 3443 1051 3516 subducit,
1069 3448 1110 3516 et,
1125 3443 1376 3504 controversiam

160 3554 309 3615 dirimere
335 3552 421 3613 haud
444 3553 522 3613 utile
550 3552 684 3612 tortasse
709 3553 895 3625 arbitratus,
922 3552 1058 3611 solemni
1082 3556 1208 3610 tantum
1228 3551 1376 3611 invocato

161 3677 275 3721 versu:
300 3683 315 3714 «
339 3661 408 3718 Non
429 3659 522 3718 nobis
545 3659 628 3718 inter
651 3676 707 3718 vos
731 3662 836 3717 tantas
858 3675 1049 3734 componere
1071 3658 1143 3716 lites
1166 3679 1194 3729 n,
1215 3656 1377 3734 judicium

161 3771 323 3844 postremo
343 3766 391 3825 illi
418 3764 587 3825 doctorum
609 3766 642 3824 in
670 3765 881 3842 grammatica
902 3769 933 3824 et
957 3764 1071 3824 litteris
1097 3765 1239 3824 virorum
1262 3765 1378 3825 sodali-

162 3876 206 3934 tio
231 3871 400 3933 serendum
428 3871 535 3943 tradit,
557 3871 698 3949 quod...
728 3876 838 3949 postea
862 3870 1096 3931 instituendum
1118 3870 1321 3931 commendat
1348 3876 1379 3932 et

163 3985 252 4059 optat
269 3979 322 4058 (ἓ).

192 4289 228 4352 (l)
248 4285 316 4347 Qum
333 4290 359 4338 et
373 4291 473 4352 quanta
488 4288 611 4339 Feneloni
627 4292 653 4339 et
664 4287 793 4339 leibnitio
806 4289 961 4339 communie
977 4289 1040 4348 sint,
1054 4286 1125 4352 quod
1140 4285 1172 4337 ed
1185 4285 1377 4338 conficiendam

162 4384 365 4447 grammaticam
381 4383 603 4434 eleonoinnanda
626 4383 711 4434 terrica
727 4384 850 4447 pertinet,
868 4382 942 4433 multi
958 4381 1054 4433 docent
1068 4383 1136 4432 inter
1148 4394 1176 4432 se
1188 4380 1275 4432 collati
1291 4380 1339 4431 looi
1350 4381 1376 4430 in

163 4476 252 4526 Lettre
264 4476 280 4525 d
292 4475 456 4537 l'lcede'mr'e,
468 4479 511 4538 lll,
525 4477 612 4542 Projet
626 4476 659 4528 de
673 4479 832 4543 grammaire
844 4480 871 4528 ot
886 4476 1104 4543 Unvorgrer'rtr'ete
1119 4474 1264 4536 Gedorrken,
1281 4475 1295 4538 5
1313 4476 1376 4525 lot-

164 4572 221 4620 lot.

195 4663 232 4732 (2)
253 4665 471 4734 Uacorqrer'lliclte
482 4665 627 4729 dedendae,
643 4667 658 4740 ς
673 4669 796 4724 lot-tbi).
