3462 5452
876 608 1062 688 -ls-

360 757 464 824 aliena
487 761 643 826 sententia
665 761 736 838 niti,
763 781 822 826 nec
845 766 872 826 ei
896 784 1085 828 concessum
1108 770 1155 828 est
1184 764 1315 848 proprio
1343 781 1440 830 sensu
1470 781 1518 830 res
1539 769 1568 830 et

359 872 518 945 homines
540 873 577 933 de
598 873 715 951 quibus
733 877 851 951 ageret,
872 874 1078 951 perpendere.

398 979 520 1056 Integer
535 997 609 1039 vero
625 983 743 1050 manet,
761 979 815 1056 qui
833 980 962 1039 nullum
981 981 1124 1058 neglexit
1137 980 1270 1055 iontem,
1288 1000 1385 1060 quem
1402 983 1463 1042 sibi
1479 1000 1566 1061 aper-

358 1088 428 1145 tum
449 1085 593 1144 invenire
611 1085 728 1162 potuit,
750 1091 790 1157 ct,
817 1102 899 1163 quae
916 1086 945 1144 ei
964 1089 1092 1162 praesto
1113 1091 1191 1160 erat,
1213 1087 1383 1147 materiam
1408 1092 1444 1147 ut
1465 1088 1565 1166 sagaci

358 1193 389 1249 et
401 1193 495 1250 acuto
509 1191 649 1268 ingenio,
667 1191 711 1250 ita
726 1190 825 1250 libero
849 1195 880 1250 et
899 1191 1058 1269 aequabili
1076 1192 1184 1251 animo
1201 1192 1357 1264 tractavit,
1380 1209 1442 1252 nec
1465 1193 1566 1252 ullum

358 1315 503 1374 unquam
521 1297 694 1375 judicium,
714 1302 921 1376 praesumpta
943 1299 1106 1376 opinione,
1125 1300 1209 1371 tulit,
1232 1298 1311 1359 adeo
1327 1289 1440 1359 cautu's
1456 1300 1489 1358 in
1505 1317 1569 1359 sen-

357 1405 458 1464 tentia
473 1403 614 1476 ferenda,
638 1408 684 1476 ut,
710 1404 736 1463 si
760 1403 837 1481 quid
863 1405 1031 1464 obscurius
1055 1405 1115 1464 sibi
1137 1404 1309 1478 videretur,
1330 1405 1568 1466 aconclusione

358 1509 533 1569 abstineret
555 1509 655 1582 omni,
680 1527 781 1588 paene
806 1511 976 1588 singularis
999 1515 1101 1570 aetate
1127 1529 1195 1583 sua,
1222 1512 1453 1589 optionemque
1480 1529 1569 1571 suam

361 1616 512 1688 differret,
543 1615 647 1675 cilicio
675 1633 707 1675 se
731 1617 922 1676 satisfecisse
944 1622 1043 1689 ratus,
1071 1617 1097 1677 si
1120 1619 1222 1678 varias
1246 1619 1284 1678 ab
1309 1619 1496 1679 auctoribus
1519 1637 1569 1678 ex-

357 1727 521 1800 promptas
535 1723 703 1800 opiniones
715 1724 813 1801 probe
828 1727 1041 1795 emuneraret‚
1054 1724 1133 1783 alias
1146 1742 1221 1785 cum
1237 1725 1307 1784 aliis
1319 1724 1566 1803 componendas.

398 1833 441 1890 Nc
462 1832 576 1903 multa,
596 1831 695 1890 sinos
714 1830 899 1890 doctissimo
918 1831 985 1890 viro
1004 1848 1124 1909 aequos
1138 1831 1264 1909 judices
1279 1833 1503 1909 praebeamus,
1520 1833 1566 1892 vel

360 1955 442 2014 quae
457 1941 588 1997 excrrsat
605 1941 788 2014 temporum
810 1937 890 1996 ratio
913 1938 1127 2010 remittamus,
1144 1943 1286 1998 recurrat
1305 1939 1401 1998 velim
1424 1939 1457 1998 in
1480 1957 1569 1998 men-

358 2051 423 2106 tem
438 2046 475 2105 ab
495 2063 544 2118 eo,
563 2044 709 2122 quamvis
725 2042 813 2104 rudis
830 2048 860 2103 et
875 2048 965 2104 curta
980 2048 1055 2104 tunc
1069 2049 1152 2103 esset
1168 2043 1331 2105 doctrinae
1346 2045 1437 2122 copia
1460 2049 1490 2105 et
1505 2045 1567 2104 veri

361 2154 540 2231 inquisitio,
558 2152 750 2229 descriptam
765 2169 831 2211 csse
852 2151 885 2211 in
905 2151 1073 2210 Germania
1088 2152 1325 2211 romanicarum
1341 2153 1526 2229 linguarum
1540 2157 1569 2210 et

359 2262 538 2320 litterarum
553 2259 738 2338 imaginem,
756 2259 807 2318 cui
823 2275 889 2317 non
905 2258 1003 2317 altera
1018 2260 1119 2317 aetate
1134 2257 1244 2329 anteit,
1266 2275 1281 2317 e
1302 2258 1401 2317 totius
1416 2257 1568 2317 materiae

360 2373 535 2445 conspectu
551 2383 744 2444 expressam,
762 2382 859 2442 quam
876 2367 953 2424 tunc
968 2364 1094 2440 assequi
1114 2364 1230 2423 licebat
1244 2382 1250 2437 ;
1269 2365 1348 2440 quin
1363 2365 1461 2423 etiam
1476 2364 1569 2424 fatea-

357 2494 432 2536 mur
447 2476 635 2535 inchoatum
650 2472 810 2551 ejusmodi
833 2489 914 2550 opus
936 2475 1024 2530 tanta
1046 2471 1177 2530 veritate
1197 2471 1299 2530 nitere
1321 2471 1354 2530 in
1375 2488 1503 2530 summa
1522 2488 1568 2530 re-

357 2601 441 2656 rum,
465 2585 554 2641 tanta
579 2580 736 2658 elegantia
760 2584 790 2638 et
812 2578 978 2656 diligentia
1001 2578 1034 2636 in
1054 2578 1188 2655 singulis
1214 2578 1370 2655 partibus,
1394 2581 1430 2636 ut
1454 2577 1567 2636 eximia

357 2688 604 2759 existimatione,
634 2691 719 2746 certo
752 2691 782 2746 et
811 2685 985 2761 praestanti
1010 2684 1133 2761 judicio
1161 2685 1334 2744 sententias
1357 2703 1431 2744 suas
1458 2684 1566 2744 tulisse

357 2796 505 2856 videatur
520 2794 637 2854 arbiter
656 2793 711 2853 ille
730 2791 920 2864 indefessus
937 2809 996 2851 nec
1012 2791 1083 2851 ideo
1099 2792 1206 2851 minus
1223 2809 1295 2851 acer
1311 2796 1341 2851 et
1356 2791 1493 2851 subtilis.

396 2903 482 2974 Quae
506 2906 542 2962 ut
571 2900 756 2978 diligentius
775 2903 806 2959 et
828 2898 962 2976 aequius
988 2897 1236 2976 perpendamus
1262 2904 1309 2959 sat
1336 2900 1396 2960 erit
1422 2896 1564 2960 comitari

357 3009 443 3069 viam
458 3006 636 3085 exploranti
653 3010 797 3084 apertam
819 3009 850 3064 et
873 3005 964 3081 quasi
986 3004 1190 3077 familiarem,
1209 3004 1288 3065 dum
1311 3006 1345 3065 in
1369 3005 1565 3084 germanicas

358 3115 485 3193 linguas
505 3113 649 3190 inquirit.

397 3221 503 3282 Multis
519 3219 605 3280 enim
621 3217 660 3278 ad
675 3218 758 3278 banc
774 3217 978 3294 disciplinam
992 3217 1225 3296 pertinentibus
1237 3216 1438 3280 documentis
1453 3225 1484 3280 et
1509 3224 1567 3280 tes·

356 3327 501 3390 timoniis
529 3328 696 3397 instructo,
713 3328 839 3404 praeter
854 3325 981 3384 solitam
1010 3326 1146 3385 inomni
1173 3325 1318 3386 doctrina
1341 3327 1564 3401 eruditionem,

356 3435 390 3497 in
411 3433 604 3514 inquirenda
633 3433 842 3494 veritatcvim
871 3431 1016 3492 sedulam
1041 3436 1071 3492 et
1093 3436 1249 3505 tenacem,
1277 3433 1311 3492 in
1332 3433 1485 3494 solvenda
1512 3435 1566 3496 lite

355 3561 469 3623 puram
485 3559 521 3602 ac
536 3545 697 3601 maturam
719 3539 923 3617 aequitatem,
940 3537 1048 3600 aderat
1068 3539 1200 3617 insuper
1221 3543 1252 3600 et
1270 3541 1442 3618 peculiaris
1463 3559 1566 3604 exem·

356 3653 482 3731 plorum
496 3651 528 3710 in
544 3667 640 3712 causa
655 3647 871 3708 adhibitorum
887 3647 1002 3707 notitia
1017 3651 1048 3706 et
1071 3647 1244 3721 variarum,
1257 3647 1296 3707 de
1312 3648 1429 3726 quibus
1455 3649 1565 3729 ageba·

355 3764 418 3832 tur,
433 3759 616 3837 linguarum
630 3755 779 3834 proprius
795 3757 890 3831 atque
906 3753 1057 3832 frequens
1077 3771 1166 3814 usus.

395 3865 539 3944 Namque
553 3866 686 3924 noverat
704 3862 758 3922 ille
772 3861 805 3921 in
819 3860 930 3940 primis
947 3865 977 3921 et
989 3863 1061 3940 apte
1076 3859 1187 3920 iurem
1201 3877 1290 3921 suam
1305 3861 1462 3922 convertit
1477 3855 1567 3941 quid·

356 3969 434 4055 quid
449 3972 483 4034 in
497 3973 601 4034 lucam
617 3969 779 4050 prodierat
799 3986 838 4031 ex
859 3967 1000 4048 antiquis
1025 3968 1253 4030 Germanorum
1282 3969 1566 4043 carminibusue)

356 4080 462 4142 minus
478 4095 588 4142 omnes
613 4092 694 4157 quae
722 4075 760 4137 ad
788 4093 825 4137 ea
845 4075 1030 4154 spectabant
1057 4075 1354 4138 commentationes.
1372 4075 1463 4150 Quod
1480 4094 1562 4139 com·

355 4185 624 4269 pertrahamus,
641 4184 666 4245 si
683 4183 828 4246 locorum
849 4186 879 4243 et
892 4187 1057 4243 auctorum
1086 4199 1254 4244 recenseas
1280 4201 1465 4257 numerum,
1480 4181 1563 4247 unda

355 4307 438 4357 nova
453 4293 537 4355 eruit
549 4295 735 4372 argumenta
753 4307 759 4351 τ
777 4307 813 4351 ea
839 4289 926 4350 enim
941 4290 1045 4352 bonus
1068 4294 1098 4350 ot
1122 4290 1241 4368 probus
1257 4289 1451 4370 disceptator
1466 4290 1565 4353 idem*

356 4415 417 4483 quc
434 4400 537 4463 fidelis
553 4398 724 4461 historicus
737 4397 843 4471 refert,
863 4400 1022 4476 quotquot
1046 4401 1131 4470 sunt
1148 4397 1266 4459 omnia.
1286 4397 1366 4460 Cum
1388 4398 1425 4459 dc
1443 4403 1565 4479 etymod

355 4507 442 4591 logia
454 4508 591 4584 disserit,
608 4512 644 4569 ut
669 4507 777 4586 aliquo
804 4505 950 4585 axenrplo
974 4509 1114 4580 utamur,
1138 4506 1171 4566 in
1193 4505 1318 4585 primis,
1343 4524 1406 4587 qua
1421 4505 1566 4571 doctrina

355 4616 517 4704 praeditus
535 4633 604 4678 esse
620 4614 731 4678 debeat
746 4614 802 4694 qui
813 4612 1027 4694 etymologiae
1042 4611 1177 4687 studeat,
1194 4615 1355 4695 proponit,
1368 4619 1398 4678 et
1413 4620 1448 4677 ut
1463 4616 1566 4682 obiter
