3462 5452
676 636 865 712 »lt-

203 788 341 853 Multum
370 794 477 852 tamen
510 790 614 865 abest,
643 798 678 853 ut
706 794 784 853 istos
814 809 990 866 sermones
1020 789 1116 870 Opitii
1145 797 1176 853 et
1210 787 1375 854 Schottelii

160 917 254 959 more
269 901 325 976 (l),
342 903 526 960 contemnat
546 903 602 959 aut
625 917 690 972 eos,
708 900 802 960 solito
827 899 916 959 illius
940 899 1050 959 aetatis
1072 917 1189 972 errore,
1207 900 1289 959 nihil
1314 900 1376 959 nisi

161 1010 352 1083 corruptum
368 1005 494 1065 dicendi
510 1023 610 1083 genus
625 1005 774 1065 exhihere
787 1005 959 1065 fabuletur.
976 1006 1087 1066 Totam
1103 1010 1214 1066 contra
1229 1007 1376 1066 omnium

161 1113 203 1173 ad
219 1113 304 1173 hanc
319 1114 449 1191 stirpem
463 1113 691 1191 pertinentium
706 1112 918 1173 dialectorum
934 1113 1062 1184 seriem,
1079 1113 1216 1173 ducente
1232 1113 1374 1191 Scioppii

162 1219 275 1278 libello
303 1215 548 1280 consultationes
573 1219 737 1296 inscripto,
759 1219 931 1297 perlustrat
957 1224 987 1279 et
1011 1221 1127 1298 cuique
1156 1237 1279 1293 earum,
1309 1220 1375 1280 sive

162 1341 202 1383 ex
225 1324 381 1401 peculiari
407 1329 531 1389 natura,
562 1342 618 1384 seu
643 1342 682 1384 ex
705 1325 755 1397 iis,
785 1342 866 1402 quae
890 1325 941 1384 lex
967 1325 1051 1385 dicta
1076 1323 1375 1406 Loutocrsclriebunq

162 1431 306 1509 praebet,
321 1429 459 1502 indiciis,
471 1431 596 1508 justum
610 1431 750 1508 assignat
765 1430 922 1490 ordinem.
936 1433 1002 1490 Hoc
1015 1436 1123 1492 autem
1135 1436 1373 1510 argumentum,

163 1537 432 1615 quotiescumque
448 1536 542 1596 datur
561 1536 663 1610 locus,
681 1536 740 1596 sibi
763 1537 879 1596 iterum
905 1541 999 1615 atque
1024 1537 1141 1598 iterum
1167 1539 1374 1616 potissimum

161 1642 377 1721 premendum
402 1642 583 1715 arbitratur,
601 1643 634 1701 in
649 1643 694 1702 eis
711 1659 786 1702 vera
811 1642 939 1719 linguae
962 1641 1172 1702 fundamenta
1195 1644 1301 1721 jacere
1319 1644 1374 1723 (l),

163 1751 269 1811 abeis
291 1755 397 1810 ortum
423 1767 490 1810 esse
515 1745 606 1821 illud,
624 1767 688 1827 quo
704 1748 854 1808 cultiores
870 1749 929 1808 viri
954 1753 1100 1821 utuntur,
1124 1748 1250 1809 dicendi
1274 1767 1375 1828 genus

163 1862 260 1935 atque
277 1874 315 1916 ex
334 1856 396 1915 hoc
417 1856 561 1933 perenni,
578 1873 714 1915 necnon
738 1873 864 1932 semper
886 1872 966 1932 puro
993 1873 1029 1914 ac
1052 1856 1124 1915 rivo
1148 1855 1236 1916 sonte
1259 1857 1373 1928 mulla,

163 1968 197 2022 ut
214 1962 377 2040 copiosius
393 1960 578 2022 ostendetur
589 1966 710 2039 postea,
725 1961 846 2020 hauriri
868 1978 972 2038 posse,
988 1962 1105 2038 quibus
1127 1962 1224 2021 istam
1245 1962 1374 2041 linguae

162 2067 315 2142 sormam,
330 2085 411 2144 quae
427 2067 460 2126 in
473 2067 598 2144 scriptis
613 2067 802 2145 praevaluit,
819 2072 851 2126 et
873 2068 1070 2145 locupletare
1084 2072 1114 2128 et
1138 2086 1323 2147 regenerare
1341 2069 1374 2129 in

161 2180 317 2254 promptu
332 2175 382 2234 sit.

1012 2353 1367 2364 ———-.--....-..

194 2448 234 2518 (l)
252 2449 290 2502 ci.
306 2450 622 2516 praecipuerluss,1lrt.,
640 2454 698 2503 158.

195 2551 232 2614 la)
251 2547 301 2608 Gt,
318 2547 429 2612 exempli
446 2549 541 2612 gratia,
557 2548 627 2608 ont„
645 2551 735 2598 tto-tl.
