3462 5452
674 645 863 724 ...73...

156 799 255 874 actis,
272 815 383 863 eorum
396 799 549 880 reliquias
565 798 736 862 submersit
749 799 801 879 (1).
815 799 946 879 Anglica
961 796 1046 872 inde,
1056 797 1208 878 temporis
1224 795 1373 872 decursu,

163 908 309 970 derivata
333 910 460 988 longius
476 927 574 988 quam
600 910 863 988 anglo-saxonica
888 927 905 969 a
929 912 1034 969 vetere
1060 908 1171 987 lingua
1192 908 1375 986 germanica

159 1015 281 1076 sensim
299 1015 414 1076 defecit
429 1017 482 1092 (1).
499 1015 615 1088 Quanti
631 1016 672 1076 sit
691 1016 816 1094 anglica
839 1015 1011 1075 llorhoiius
1032 1013 1160 1086 latetur,
1185 1031 1245 1074 nec
1267 1018 1374 1073 tamen

158 1139 231 1182 earn
247 1122 367 1182 summi
383 1122 549 1195 aestimat;
575 1122 677 1182 immo
700 1123 909 1182 Constantino
932 1121 1096 1200 Huighens
1123 1121 1265 1181 severius
1281 1119 1320 1180 de
1335 1137 1374 1180 ea

155 1227 318 1306 judicanti
332 1227 504 1287 assentitur
521 1245 528 1287 :
547 1251 561 1282 «
574 1229 656 1287 Haer
669 1228 751 1288 taele
765 1227 792 1286 is
808 1227 869 1287 alle
885 1227 1000 1298 taalen,
1017 1244 1058 1286 en
1072 1226 1119 1286 als
1136 1227 1157 1285 't
1172 1227 1249 1286 haer
1263 1225 1375 1286 helieit

157 1333 291 1395 Griesch
308 1351 348 1394 en
369 1335 469 1411 Latyn
497 1352 556 1412 syn
576 1334 645 1411 plat
668 1333 822 1412 Engelsch
839 1355 853 1387 n
880 1334 932 1410 (3).
961 1333 1119 1404 Permixta
1141 1332 1273 1410 quidem
1298 1349 1373 1392 cum

157 1440 410 1518 anglosaxonica
424 1440 540 1517 gallica
554 1444 585 1500 et
598 1442 753 1501 mutuatis
766 1441 806 1500 ab
829 1441 917 1500 omni
933 1439 1056 1517 origine
1075 1439 1252 1512 vocabulis,
1269 1440 1374 1517 angli-

156 1564 214 1608 cae
235 1547 421 1626 germanica
446 1545 571 1607 indoles
592 1565 659 1606 non
682 1551 730 1607 est
752 1547 859 1607 ablata
884 1545 938 1625 (1),
966 1547 1059 1624 cujus
1083 1546 1267 1625 germanica
1284 1564 1375 1624 prae-

156 1653 266 1715 sertim
284 1654 437 1714 remansit
451 1654 593 1732 syntaxis
609 1654 660 1730 (ὅ)
679 1653 921 1714 concedendum
937 1654 1035 1714 etiam
1053 1671 1089 1714 eo
1110 1653 1271 1714 interdum
1293 1654 1372 1726 fieri,

157 1765 193 1822 ut
208 1762 332 1842 majore
347 1761 378 1820 vi
390 1777 428 1821 ac
438 1759 593 1820 brevitate
607 1759 712 1821 dicere
724 1760 852 1820 valeant
862 1760 955 1837 Angli
968 1761 1024 1836 (6).
1039 1760 1100 1821 Sed
1112 1760 1251 1820 invicem
1264 1760 1373 1838 spurio

156 1866 357 1927 incremento
368 1869 537 1944 corruptae
551 1871 627 1926 sunt
640 1867 799 1944 genuinae
815 1867 886 1944 ejus
901 1865 991 1926 dotes
1006 1870 1038 1927 at
1052 1866 1254 1944 germanicae
1270 1867 1373 1926 multo

158 1971 384 2052 postponenda
402 1976 450 2032 est
461 1973 517 2050 (7).
535 1972 647 2032 Melius
661 1971 699 2032 de
715 1971 827 2032 eadem
839 1989 906 2031 non
923 1971 1043 2050 cogitat
1054 1971 1232 2032 Leibnitius
1247 1989 1254 2045 ;
1272 1971 1373 2032 immo

157 2079 304 2158 asperius
320 2079 384 2139 iere
399 2077 477 2138 dicit
492 2097 499 2138 :
516 2101 531 2133 «
549 2079 605 2138 Die
620 2078 783 2157 englische
799 2079 938 2156 Sprache
954 2079 1008 2138 hat
1028 2079 1107 2139 alles
1122 2096 1371 2156 angenommem

154 2186 224 2247 und
248 2203 345 2245 wann
364 2185 554 2263 jedermann
574 2185 630 2244 das
649 2185 776 2263 Seinige
797 2185 951 2244 ahlodern
975 2186 1095 2257 wollte,
1123 2185 1233 2246 wtirde
1257 2204 1289 2246 es
1311 2186 1373 2246 den

156 2290 372 2370 Englaendern
387 2290 502 2368 gehen,
525 2292 585 2351 wic
614 2290 670 2351 der
693 2291 889 2369 Esopischen
910 2291 1032 2364 Kraehe‚
1055 2290 1095 2351 da
1119 2291 1236 2351 andere
1262 2293 1370 2370 Voegel

157 2398 227 2459 ihre
241 2397 365 2458 Federn
379 2397 499 2458 wieder
512 2397 664 2477 gehohlet
678 2421 692 2452 n
708 2397 762 2476 (8).

195 2503 321 2565 Haude
346 2521 460 2564 manca
487 2508 518 2564 et
542 2503 693 2564 inchoata
714 2504 897 2582 cognitione
927 2505 1119 2564 sententiam
1133 2506 1307 2566 liorhoiius
1333 2506 1372 2567 de

75 2691 78 2696 Δ
156 2611 284 2691 anglica
308 2611 430 2689 lingua,
452 2615 488 2671 ut
507 2610 640 2671 tortasse
656 2611 695 2672 de
715 2611 893 2688 hispanica,
916 2612 1069 2689 protulit;
1095 2612 1183 2672 hunc
1200 2614 1286 2673 enim
1306 2631 1371 2674 ser-

155 2735 290 2778 monem
311 2717 447 2778 callebat
466 2722 496 2778 et
518 2717 664 2778 doctrina
681 2723 712 2778 et
736 2736 808 2788 usu,
828 2718 910 2778 sicut
925 2736 1020 2796 supra
1044 2718 1166 2780 dictum
1186 2725 1243 2781 est.
1261 2722 1373 2800 ltaque

154 2843 221 2885 non
243 2825 339 2884 istam
364 2829 493 2884 tantum
515 2824 697 2885 discordem
720 2842 836 2885 vocum
857 2825 1014 2903 originem
1030 2827 1199 2904 vituperat,
1218 2851 1232 2882 a
1254 2829 1373 2889 eilemi-

154 2935 266 2992 natam
285 2948 414 3008 quoque
439 2931 750 3007 pronuntiationem,
767 2949 850 3008 quae
874 2931 956 2990 nihil
976 2932 1068 2992 virile
1090 2938 1183 2992 sonat
1204 2957 1218 2988 a
1241 2933 1296 3014 (9),
1316 2953 1373 2995 an-

154 3041 284 3117 gustam
300 3038 458 3098 scribendi
479 3038 637 3098 rationem
653 3038 729 3113 (10),
747 3055 841 3114 saepe
855 3038 1025 3098 obscuram
1040 3043 1070 3098 et
1082 3039 1282 3116 implicatam
1297 3060 1372 3120 syn-

154 3145 268 3216 taxim,
297 3144 472 3220 proclivius
501 3143 668 3222 ingenium
697 3143 736 3204 ad
767 3144 926 3204 sollennia
956 3146 1191 3224 metaphysices
1217 3149 1313 3208 verba
1341 3155 1373 3210 et

155 3257 263 3312 erutas
288 3269 306 3309 a
330 3251 537 3311 scientiarum
558 3251 802 3310 nomenclatura
817 3251 1044 3311 translationes
1058 3252 1121 3328 (11)
1141 3253 1369 3330 reprehendit:

156 3363 321 3438 postremo
344 3358 450 3417 fictam
474 3357 519 3417 sic
544 3358 576 3416 in
600 3358 692 3435 pejus
716 3358 804 3416 illins
828 3358 957 3436 linguae
979 3359 1154 3438 imaginem
1174 3378 1281 3420 veram
1302 3381 1371 3424 esse

186 3701 227 3766 (l)
247 3698 317 3758 lint,
334 3700 376 3758 10,
390 3700 449 3760 211,
467 3699 592 3748 aas-236.

191 3788 228 3856 (a)
245 3789 323 3853 1111,
340 3793 398 3841 aas.

191 3883 226 3950 (1)
246 3883 399 3944 1111.,111.

191 3976 226 4046 (1)
244 3978 430 4050 1111.,11-13.

190 4075 226 4140 (5)
243 4072 320 4134 leid,
337 4075 395 4124 22⁸.

187 4165 223 4234 (6)
242 4166 320 4229 idid„
335 4169 459 4219 aaa-2³1.

189 4266 224 4327 (7)
240 4263 319 4324 mid„
336 4264 459 4314 aaa-2³⁰.

189 4357 225 4426 (8)
246 4361 310 4409 line.
326 4357 402 4418 ded..
416 4359 431 4422 ς
444 4360 487 4409 aa.

189 4453 223 4518 (a)
244 4455 316 4514 Uni„
332 4456 391 4505 230.

174 4547 226 4615 (11)
243 4547 322 4610 mm,
342 4551 400 4599 aaa.

174 4641 224 4712 (11)
242 4643 320 4706 mic,
334 4646 454 4696 ott-ora.
