3462 5452
880 651 913 665 -
941 603 989 684 56
1016 647 1057 665 .-

402 755 525 836 Ouibns
538 760 633 823 nixus
646 757 816 840 imprimis,
840 762 944 824 multo
958 759 1087 834 rectius,
1111 777 1208 841 quam
1223 757 1391 841 hucusque
1412 757 1571 830 evenerat,

363 871 500 933 ostendit
522 890 585 951 qua
605 877 748 949 paterent
766 876 795 930 el
820 871 904 932 unde
924 871 1057 932 derivati
1073 876 1179 932 essent
1197 871 1372 950 germanici
1394 885 1570 940 sermones

362 981 444 1040 inter
463 998 544 1057 quos
569 980 609 1040 ab
633 979 690 1039 illo
714 982 935 1039 memorantur
960 985 1094 1040 cunctae
1118 980 1322 1058 germanicae
1354 977 1495 1048 dialecti,
1516 992 1572 1034 seu

362 1093 494 1158 veteres,
525 1105 581 1148 scu
608 1087 811 1159 recentiores
838 1087 993 1164 nullaque
1019 1088 1081 1147 nisi
1110 1105 1183 1147 rere
1215 1086 1417 1165 germanicae
1439 1082 1572 1162 originis

362 1195 503 1268 affertur,
521 1201 552 1256 et
564 1213 642 1255 snus
656 1195 774 1272 cuique
793 1198 938 1254 servatur
954 1194 1044 1267 ordo,
1061 1195 1100 1254 ab
1116 1195 1240 1273 origine
1261 1199 1293 1254 et
1312 1191 1480 1254 communi
1501 1209 1574 1272 pro·

362 1304 541 1385 pinquitate
563 1301 731 1364 deductus.

400 1411 487 1482 Quae
512 1409 643 1487 quidem
671 1409 842 1486 descriptio
875 1407 969 1467 nobis
996 1406 1092 1468 hodie
1126 1407 1276 1485 expedita
1302 1412 1333 1468 et
1361 1407 1393 1467 in
1420 1409 1575 1483 promptu

361 1519 466 1596 posita
486 1515 623 1588 videtur,
639 1515 695 1576 sed
714 1517 809 1593 longe
829 1515 922 1574 aliter
936 1533 969 1574 se
984 1532 1034 1574 res
1058 1514 1195 1574 babebat
1219 1519 1363 1592 tempore
1393 1513 1462 1584 illo,
1484 1530 1532 1583 ac,
1548 1511 1573 1571 si

361 1625 502 1702 longius,
526 1624 575 1683 rel
599 1623 639 1683 ad
657 1624 819 1701 sequentis
841 1623 960 1683 saeculi
978 1621 1119 1682 mediam
1140 1625 1265 1701 partem
1283 1622 1467 1699 prospicere
1482 1619 1572 1688 veliS,

363 1731 556 1809 quambene
574 1730 708 1790 meritus
730 1730 770 1788 sit
789 1729 962 1789 llorhofius
982 1729 1111 1800 senties,
1132 1729 1199 1806 qui,
1223 1745 1261 1788 ea
1282 1732 1397 1799 aetate,
1421 1744 1497 1786 vera
1512 1725 1573 1787 dis-

362 1839 494 1900 creverit
510 1855 529 1896 a
543 1836 709 1898 miraculis
725 1837 858 1896 contuse
873 1841 905 1894 et
922 1837 1098 1896 enormiter
1117 1835 1320 1912 fingentium,
1336 1833 1573 1912 disputantium

363 1951 394 2006 el
409 1945 617 2023 sibimetipsis
628 1943 888 2021 repugnantium,
901 1942 1079 2019 quantique
1093 1941 1127 1999 in
1138 1958 1288 2018 praesens
1299 1939 1464 2018 profectus
1480 1944 1571 2008 esset,

361 2051 443 2112 haec
455 2068 564 2111 coram
579 2051 656 2109 siris
671 2050 773 2110 doctis
788 2050 902 2109 acriter
924 2053 955 2108 et
975 2048 1082 2108 lucide
1100 2049 1242 2125 profiteri
1264 2051 1359 2124 atque
1375 2047 1571 2125 argumentis

363 2158 509 2219 doctrina
534 2163 563 2217 el
586 2157 710 2236 judicio
732 2157 915 2234 conspicuis
939 2156 1139 2214 confirmare.
1525 2235 1528 2239 Ι

402 2269 447 2326 Ne
461 2284 571 2326 rursus
590 2264 628 2324 de
647 2265 739 2342 probi
764 2263 930 2324 Schottelli
955 2262 1133 2331 sententiis,
1154 2261 1204 2320 rel
1226 2261 1265 2320 de
1288 2261 1430 2320 somniis
1445 2259 1572 2337 Goropii

365 2375 480 2436 Becani
498 2380 529 2433 el
548 2373 733 2451 aequalium
751 2372 935 2446 loquamur,
957 2374 1005 2427 sal
1020 2369 1079 2427 crit
1092 2366 1222 2436 ridisse,
1239 2371 1343 2426 totum
1356 2367 1421 2425 lere
1435 2384 1493 2443 per
1508 2383 1574 2425 sae-

363 2482 475 2542 culum
498 2483 569 2558 post
592 2479 678 2538 edita
703 2477 815 2538 Ullilae
840 2474 871 2534 E
873 2473 1014 2554 oanpclia
1038 2479 1068 2533 el
1090 2474 1179 2550 prelo
1202 2473 1292 2532 datas
1308 2473 1480 2532 Snorronis
1502 2474 1575 2534 Sae-

363 2587 542 2665 mundique
557 2584 588 2644 E
590 2583 678 2656 ddas,
698 2585 731 2642 in
751 2583 850 2642 dubio
872 2586 903 2641 et
921 2582 1052 2657 ancipiti
1072 2581 1127 2639 lite
1151 2597 1281 2639 manere
1302 2580 1534 2657 grammaticae
1546 2582 1575 2638 et

362 2696 491 2772 linguae
507 2692 709 2770 germanicae
724 2689 893 2767 principia,
909 2687 1056 2764 quamvis
1076 2685 1115 2746 de
1131 2686 1192 2746 hac
1214 2686 1348 2746 materia
1366 2685 1576 2745 disseruerint

362 2803 480 2861 iterum
495 2817 532 2859 ac
552 2800 691 2875 saepius,
710 2796 765 2856 sed
780 2811 907 2872 semper
929 2793 1113 2870 separatim,
1136 2793 1195 2852 riri
1220 2792 1304 2852 docti
1327 2790 1456 2851 erudito
1469 2791 1575 2869 polius

363 2927 462 2988 qnam
477 2907 638 2985 aequabili
656 2909 687 2964 et
701 2904 766 2962 acri
787 2901 916 2979 ingenio
933 2898 1079 2978 praediti.

400 3016 545 3086 Quorum
568 3012 608 3071 ad
629 3009 826 3086 exemplum,
849 3011 885 3067 ut
909 3024 1005 3083 supra
1028 3005 1151 3066 dictum
1176 3009 1234 3074 est,
1260 3005 1449 3077 Leibnitius,
1471 3001 1576 3082 quoad

362 3122 451 3187 vixit,
472 3115 885 3197 linguasouraloallaicas,
902 3112 1058 3182 salellas,
1079 3112 1105 3170 si
1126 3129 1176 3170 res
1200 3111 1333 3180 larebat,
1352 3111 1438 3169 inter
1451 3127 1577 3188 germa-

361 3229 451 3287 nicas
476 3225 630 3285 dialectos
652 3221 846 3281 numeravit.
874 3219 1005 3283 Pariter,
1032 3217 1163 3276 ineunte
1186 3215 1313 3275 decimo
1330 3221 1362 3276 et
1383 3219 1498 3275 octavo
1515 3233 1579 3274 sae-

362 3335 448 3401 culo,
463 3333 630 3392 lliclresius
646 3331 689 3406 (1)
702 3329 851 3388 batavam
874 3331 905 3384 et
928 3325 1052 3384 frisiam
1079 3326 1110 3382 et
1130 3322 1344 3381 britannicam
1365 3323 1517 3400 linguam
1540 3323 1578 3381 ab

360 3440 608 3520 anglosaxonica
622 3437 691 3495 sine
706 3434 833 3494 delectu
847 3431 1031 3495 declinavit,
1052 3446 1113 3488 nec
1132 3433 1273 3487 veterem
1292 3429 1488 3488 saxonicum
1513 3446 1577 3488 ser-

363 3565 495 3608 monem
518 3548 563 3621 (2)
586 3562 605 3604 a
631 3541 796 3619 superiore
822 3543 928 3598 vetere
956 3536 1141 3613 germanico
1168 3534 1319 3593 discrerit
1346 3533 1400 3610 (3),
1429 3552 1446 3593 e
1471 3536 1577 3612 gotico

367 3662 475 3717 autem
501 3671 613 3715 omncs
636 3648 836 3729 germanicas
870 3644 1025 3704 dialectos
1051 3645 1136 3700 ortas
1162 3657 1231 3700 esse
1256 3641 1427 3718 reputavit.
1459 3642 1579 3702 Pariter

367 3763 516 3839 denique,
537 3758 644 3819 medio
666 3757 731 3815 lere
753 3750 1015 3812 duodevicesimo
1037 3748 1178 3814 saeculo,
1204 3746 1412 3806 doctissimus
1429 3745 1579 3807 Glossarii

370 3865 542 3930 Germanici
562 3863 720 3927 conditor,
746 3858 948 3926 WachteruS,
976 3872 1043 3914 non
1066 3853 1191 3913 dubilat
1215 3854 1408 3931 germanicis
1433 3852 1578 3914 dialectis

369 3992 482 4034 omnes
500 3973 631 4032 celticos
653 3983 828 4031 sermones,
849 3965 915 4022 sire
939 3961 1102 4038 antiquos,
1121 3960 1188 4018 sire
1212 3959 1407 4018 recentiores
1426 3977 1579 4020 annume-

374 4101 456 4147 rare,
470 4080 658 4160 quinetiam
673 4072 874 4154 gennanicos
888 4067 1050 4147 procellis
1065 4065 1181 4124 habere
1195 4063 1250 4142 (l).

368 4197 1577 4234 f—

401 4299 439 4363 (l)
457 4298 496 4348 Cl.
515 4299 638 4356 Raumer,
658 4296 715 4343 135.

409 4393 443 4459 (2)
462 4393 490 4444 ld
502 4395 542 4442 esa
555 4407 562 4440 ε
576 4385 767 4440 altsaechsiscb.

408 4488 445 4550 (3)
464 4487 492 4539 ld
507 4491 547 4538 est
562 4502 569 4535 :
583 4477 816 4536 Alibocbdeutscb.

404 4585 445 4648 (l)
463 4583 501 4634 cl.
521 4579 717 4642 Raumcr,18t.
