3462 5452
241 705 414 784 veteribus,
431 709 502 772 tum
518 706 749 772 recentioribus
769 707 889 790 linguis
905 707 1079 771 vindicare.
1099 709 1186 782 Quae
1199 704 1457 788 excogitaverant

239 819 322 880 nihil
343 819 474 897 quidem
502 838 595 880 verae
624 820 739 880 rationi
766 820 979 897 profecerant,
1009 835 1164 896 cumpro
1190 817 1301 878 defixis
1327 818 1454 895 penitus

239 929 400 988 erroribus
424 946 525 989 novos
541 946 663 1024 errores
679 928 925 1000 substituerent;
951 927 1030 986 llaec
1055 931 1162 987 lamen
1177 927 1333 987 libertatis
1349 944 1455 986 exem·

238 1036 292 1114 pla
309 1035 449 1096 hebraici
471 1036 628 1095 sermonis
649 1036 875 1095 auctoritatem
895 1038 989 1094 antea
1013 1035 1200 1094 inviolatam
1224 1035 1456 1095 imminuerant

231 1145 270 1202 et
285 1146 408 1202 mentes
422 1140 594 1201 hominurn
609 1141 648 1200 ad
674 1143 838 1201 utiliorem
854 1139 1030 1201 disserendi
1046 1141 1204 1200 rationem
1217 1139 1454 1218 suscipiendam

238 1249 333 1329 quasi
348 1252 616 1326 praeparaverant
631 1253 726 1326 alque
750 1248 1012 1308 informaverant.

279 1356 363 1416 Nihil
380 1373 461 1432 opus
476 1359 523 1416 est
538 1355 591 1416 hic
607 1373 796 1416 enumerare
813 1372 1037 1432 quaecumque
1050 1372 1134 1413 vana
1148 1354 1204 1413 illa
1219 1357 1321 1414 aetate
1337 1351 1375 1413 de
1391 1355 1455 1430 ori·

242 1462 315 1540 gine
331 1462 516 1539 linguarum
530 1463 603 1522 fieta
616 1467 700 1531 sunt;
719 1462 1019 1539 quorumpleraque
1029 1457 1156 1539 jamdiu
1167 1461 1280 1521 merita
1292 1461 1455 1522 oblivione

238 1571 352 1631 obruta
367 1572 453 1640 sunt,
481 1587 518 1628 ac
539 1569 592 1629 vix
607 1568 765 1645 quaedam
788 1568 894 1628 adhuc
909 1571 1140 1638 memorantur,
1158 1572 1195 1626 ut
1212 1567 1255 1629 ila
1271 1567 1387 1637 dicam,
1414 1566 1453 1636 ad

234 1676 431 1754 posteritatis
454 1677 555 1738 risum
580 1681 610 1736 et
637 1676 816 1737 ludibrium
839 1679 972 1736 servata.
1001 1676 1149 1736 Ceterum
1175 1692 1211 1735 ea
1243 1673 1310 1735 obit
1340 1674 1453 1736 sedulo

237 1783 408 1844 llorhohus
435 1788 530 1862 atque
557 1801 678 1844 errores
703 1801 740 1844 ex
764 1781 874 1843 ordine
896 1782 1030 1855 relellit,
1059 1799 1146 1842 nuno
1171 1782 1293 1843 meritis
1319 1781 1452 1855 salibus,

237 1908 335 1961 nuncq
353 1891 379 1951 si
394 1909 444 1952 res
459 1891 612 1969 postulat,
631 1908 747 1969 magno
765 1891 934 1968 solidoque
948 1891 1111 1951 rationum
1128 1896 1281 1969 apparatu
1297 1893 1352 1964 (ll.

277 1999 343 2058 Hoc
359 1998 456 2077 igitur
471 1997 568 2058 modo
584 1998 750 2058 recensitis
767 1999 970 2074 superiorum
987 1998 1207 2074 opinionibus,
1230 1999 1297 2075 ipse
1322 1998 1453 2059 demum

238 2103 412 2164 llorhotius
427 2105 459 2164 in
474 2106 725 2165 controversiam
740 2105 857 2182 prodit,
878 2111 908 2165 et
935 2105 1013 2182 qnid
1041 2107 1155 2165 sentiat
1184 2111 1291 2183 aperte
1314 2106 1451 2184 profert:

237 2229 437 2289 quamquam
453 2213 541 2272 enim
555 2230 762 2272 communem
780 2213 879 2290 hujus
895 2213 1008 2272 aetatis
1024 2212 1203 2272 dootrInam
1220 2218 1361 2286 secutus,
1376 2230 1454 2273 con-

238 2319 333 2392 cedit,
350 2323 386 2380 ut
401 2321 579 2380 Leibnitius
599 2319 770 2396 postmodo
786 2319 842 2395 (⁶2),
862 2337 961 2378 unam
978 2319 1136 2379 exstitisse
1151 2319 1376 2398 primigeniam
1393 2320 1455 2379 lin-

239 2445 348 2504 guam,
363 2432 484 2487 ceteras
502 2427 614 2486 aetatis
633 2444 709 2485 suae
724 2426 847 2503 respuit
862 2426 1104 2502 superstitiones
1119 2431 1160 2497 et,
1177 2431 1348 2503 postquam
1362 2444 1452 2502 prae-

239 2531 304 2592 cise
329 2532 458 2610 negavit
481 2532 669 2592 hebraicum
690 2549 872 2592 sermonem
889 2532 982 2591 illum
996 2532 1226 2610 primigenium
1247 2533 1357 2604 luisse,
1374 2533 1453 2592 haec

241 2637 373 2716 insuper
393 2637 480 2697 addit
501 2656 507 2697 :
533 2661 547 2692 u
566 2637 665 2697 Kaine
686 2636 741 2697 der
760 2639 826 2715 J'tzo
847 2637 1029 2698 bekandten
1049 2639 1248 2716 Sprachen...
1273 2638 1323 2699 die
1347 2643 1453 2699 ersten

239 2743 320 2824 (lege
337 2763 344 2805 ε
359 2747 454 2820 erste)
469 2762 627 2824 gewesen,
644 2744 782 2805 sondern
798 2746 868 2805 eine
890 2763 953 2805 von
974 2745 1083 2806 diesen
1096 2745 1372 2818 unterschiedene
1389 2764 1452 2805 von

237 2854 382 2914 welchen
406 2853 438 2926 (1.
461 2869 467 2911 :
491 2851 643 2928 welcher)
668 2851 730 2912 alle
755 2852 917 2928 Spraehen
939 2852 972 2911 in
992 2852 1084 2911 ihren
1105 2853 1265 2924 Wdrtern,
1287 2853 1357 2912 eine
1377 2852 1453 2912 aber

237 2959 330 3022 mehr
345 2961 392 3020 als
411 2959 461 3020 die
476 2957 576 3019 ander
591 2958 624 3038 (1.
640 2977 646 3018 :
671 2958 801 3036 andere)
814 2965 911 3020 etwas
930 2960 990 3018 mit
1009 2959 1220 3038 eingemischt
1235 2960 1339 3020 haben
1359 2984 1373 3015 >1
1394 2963 1449 3036 (3).

279 3070 379 3144 Saepe
392 3067 549 3127 Leibnitio
563 3064 650 3126 laudi
667 3065 778 3126 datum
793 3070 851 3138 est,
874 3065 959 3144 quod
975 3066 1099 3142 primus
1115 3067 1214 3127 istum
1229 3069 1358 3145 penitus
1375 3069 1452 3127 insi-

239 3181 310 3235 turn
330 3191 471 3234 errorem
494 3173 634 3251 arguerit
651 3178 681 3232 et
707 3173 872 3244 refellerit,
898 3179 994 3251 atque
1016 3174 1153 3234 alierunt
1172 3175 1309 3235 libenter
1322 3177 1452 3236 notissi-

240 3299 327 3341 mam
343 3281 412 3358 ejus
428 3278 468 3339 ad
483 3279 667 3339 Tenzelium
683 3280 858 3357 Epistolam
873 3280 927 3356 (4),
944 3284 980 3340 ut
992 3281 1099 3358 magni
1112 3280 1298 3360 philosophi
1314 3301 1451 3345 acumen

240 3391 426 3467 integerque
454 3405 490 3448 ae
514 3387 596 3447 liber
618 3387 746 3447 animus
770 3387 895 3465 egregie
919 3391 1102 3465 appareant.
1136 3388 1208 3458 Sed,
1233 3389 1379 3450 instituta
1401 3393 1450 3451 vel
1553 3445 1559 3458 ,

1089 3600 1445 3614 *—

271 3749 310 3814 (l)
320 3749 368 3812 Gi,
383 3750 415 3802 de
429 3753 541 3818 coropio
551 3755 664 3814 Benene,
674 3752 832 3814 deterrent,
843 3755 893 3805 bet
906 3755 1020 3804 25⁵·256
1037 3757 1117 3819 atque
1130 3753 1266 3818 Polydori,
1279 3755 1307 3804 Τ.
1320 3755 1340 3815 Ι,
1350 3753 1405 3804 Lib.
1416 3767 1451 3814 tv,

237 3857 297 3910 cap.
318 3849 342 3908 2,
359 3847 374 3910 5
390 3849 454 3909 5·c;
470 3847 503 3898 de
518 3847 725 3913 Stjcrnbjelmlo,
748 3849 817 3908 bnt..
846 3852 940 3912 11-123
959 3849 991 3901 de
1007 3849 1141 3914 Lysandro
1155 3853 1182 3901 ct
1196 3851 1325 3911 Daviesio,
1344 3851 1414 3913 Uol..
1425 3853 1449 3912 63

237 3940 269 3993 de
283 3942 404 4005 Webbio‚
424 3944 494 4007 Uet,
511 3947 590 3995 18-19
606 3960 612 4008 ς
628 3945 660 3996 da
677 3943 815 4005 Bocbarto,
833 3945 902 4004 Uet,
917 3947 948 4008 6;
969 3948 1042 3996 etc...

269 4041 303 4102 (2)
322 4038 463 4089 Noueeuua
472 4040 568 4102 Eronos,
585 4041 662 4091 Livrc
674 4042 718 4101 lll,
734 4039 812 4104 chop.
829 4053 856 4098 n,
873 4040 911 4101 §l
928 4035 980 4106 (dd.
993 4041 1081 4098 tanet,
1098 4042 1117 4103 1,
1135 4041 1203 4100 269).

271 4133 305 4199 (3)
327 4133 484 4194 Ueterrieht,
508 4137 565 4186 5-6.
589 4161 619 4172 -
641 4134 712 4186 Adeo
733 4135 858 4187 velociter
885 4134 1029 4196 scribebat,
1064 4138 1092 4184 ut
1114 4135 1239 4186 oneribus
1264 4139 1450 4202 susceptorum

236 4228 356 4280 laborum
375 4242 500 4294 oppresso
516 4230 672 4296 plerumque
697 4230 768 4281 nulla
783 4234 853 4282 esset
876 4229 989 4282 facultas
1003 4229 1075 4294 prelo
1091 4229 1225 4294 subjectas
1247 4233 1359 4296 paginas
1382 4234 1449 4282 revi-

237 4323 330 4384 dendi;
344 4337 396 4389 quo
412 4322 510 4375 factum
525 4329 574 4385 est,
587 4329 615 4375 ut
625 4325 683 4389 ejus
697 4325 762 4376 liber
776 4324 973 4390 typographicis
985 4324 1087 4376 mendis
1102 4325 1213 4376 refertus
1226 4327 1268 4375 sit.
1285 4325 1450 4390 Ubicumque

237 4419 320 4484 igitur
343 4417 482 4470 manifesta
496 4419 626 4484 ejusmodi
653 4420 804 4486 corruptela
832 4419 922 4485 aliqua
950 4421 1076 4481 occurrit,
1098 4423 1196 4470 rectam
1219 4420 1357 4471 lectionem
1376 4421 1450 4482 uncis

237 4513 367 4566 inclusam
383 4515 598 4580 interposuimus.

271 4611 306 4675 (l)
324 4610 396 4673 Dut,
412 4611 453 4672 Vl,
468 4625 529 4680 pars
544 4613 568 4671 2,
585 4625 611 4680 p.
627 4611 818 4672 martiatica
833 4611 918 4665 Otium
933 4611 1138 4673 lioooverouom,
1159 4626 1184 4681 p.
1204 4615 1244 4665 80,
1282 4639 1286 4652 ·
