3446 5452
846 625 1059 712 -tae-

338 775 545 862 excogitatae,
573 797 590 843 a
614 775 779 846 Buahnero
800 777 846 861 (t)
867 784 1015 859 tentatae,
1040 799 1058 846 a
1087 777 1242 846 caianitto
1259 777 1300 865 (t)
1323 783 1434 864 postea
1458 773 1551 863 (tanr-

340 908 437 970 quam
463 891 593 952 omnino
620 909 732 964 novae,
765 889 843 970 quid
870 891 1009 970 dicam‘l)
1036 909 1146 954 rursus
1178 889 1359 970 propositae
1389 886 1550 970 quaedam

340 998 529 1060 artificiosae
549 999 699 1074 rationes,
717 999 834 1078 quibus
850 999 967 1078 cuique
993 1017 1095 1060 novae
1112 999 1145 1060 in
1163 998 1249 1060 omni
1269 997 1441 1078 disciplina
1457 1013 1551 1058 usur·

337 1107 463 1186 pandae
482 1107 552 1168 voci
569 1108 653 1169 iores
668 1108 791 1186 aperire
809 1109 928 1183 liceret,
954 1111 985 1169 et
1008 1125 1142 1186 quarum
1166 1107 1245 1169 haec
1267 1123 1395 1167 summa
1418 1109 1497 1178 crat,
1517 1108 1553 1165 ut

340 1214 444 1274 omnis
470 1231 553 1274 nove
578 1218 608 1274 et
633 1220 698 1274 arte
723 1215 795 1276 ilcta
820 1233 880 1276 vox
901 1215 1041 1292 primum
1066 1215 1207 1275 sermoni
1232 1214 1454 1284 insertaretur,
1476 1211 1552 1272 sub·

337 1321 451 1398 juncto
467 1322 574 1381 statim
591 1325 645 1380 eut
667 1321 700 1382 in
719 1322 859 1400 margine
874 1319 1033 1398 adscripto
1057 1338 1170 1400 graeco
1186 1321 1235 1381 vel
1258 1320 1357 1380 latino
1380 1319 1550 1392 vocabulo,

341 1444 405 1504 quo
432 1431 525 1487 antee
549 1427 665 1487 eruditi
691 1428 750 1487 viri
777 1434 882 1488 essent
906 1428 954 1488 usi
983 1427 1037 1506 (3).
1066 1429 1129 1488 Nec
1154 1428 1229 1488 satis
1256 1427 1407 1488 babuisse
1427 1427 1554 1488 videtur

343 1536 530 1608 leibnitius,
557 1536 582 1596 si
607 1536 792 1614 hujusmodi
823 1535 1018 1598 deverticula
1046 1537 1283 1598 commendaret
1307 1555 1314 1597 :
1340 1537 1460 1614 quippe
1486 1535 1552 1614 qui,

342 1644 490 1706 assiduus
503 1662 608 1704 rerum
622 1661 776 1705 novarum
794 1644 900 1706 iactor
915 1649 945 1704 et
960 1645 1118 1717 inventor,
1133 1643 1166 1704 in
1180 1645 1242 1705 alio
1258 1645 1330 1704 loco
1344 1644 1482 1704 suaserit
1496 1641 1552 1720 (i),

341 1756 505 1813 atrocum
524 1750 654 1812 aliunde
675 1752 873 1812 invectarum
896 1752 985 1830 origo
1007 1751 1135 1812 interim
1158 1751 1357 1830 germanicae
1376 1751 1554 1827 scripturae

341 1875 413 1930 usu,
442 1857 532 1934 quasi
556 1858 747 1929 velamenta,
771 1861 940 1936 tegeretur,
967 1857 1068 1918 donec
1090 1857 1129 1918 ad
1145 1858 1278 1934 patriam
1298 1856 1506 1916 inflexionem
1523 1860 1553 1914 ot

342 1967 437 2026 solita
453 1965 631 2026 desinentia
654 1983 708 2026 eae
731 1964 860 2026 demum
886 1983 947 2025 usu
972 1969 1002 2026 et
1024 1963 1256 2026 consuetudine
1272 1966 1377 2024 essent
1393 1961 1553 2022 adductae

344 2073 566 2151 genuinaeque
593 2073 721 2150 linguae
743 2073 907 2132 vocabulis
936 2073 1030 2150 plane
1060 2071 1269 2131 adsimulatae
1294 2071 1347 2146 (5).
1377 2069 1556 2129 Morbosrus

342 2185 449 2242 autem
474 2179 608 2239 artitloia
634 2180 693 2238 ista
713 2197 824 2256 parum
849 2184 958 2251 curat;
986 2180 1037 2240 cui
1065 2179 1140 2238 satis
1164 2182 1212 2239 est
1233 2181 1364 2238 externa
1386 2181 1442 2236 cut
1471 2194 1556 2236 nova

342 2288 439 2350 verba
465 2287 508 2348 ibi
533 2289 656 2346 tantum
677 2287 835 2364 usurpari,
859 2286 915 2346 ubi
939 2286 1148 2347 electoribus
1168 2285 1400 2364 intelligantur,
1418 2284 1505 2342 'ntus
1525 2283 1558 2342 in

344 2396 486 2474 linguam
501 2412 562 2453 usu
578 2397 608 2454 et
623 2391 855 2453 consuetudine
872 2392 990 2452 sensim
1007 2389 1220 2469 suscipienda,
1236 2389 1368 2451 simodo
1384 2389 1558 2450 commoda

344 2501 515 2562 videantur
536 2504 567 2561 et
588 2503 767 2577 opportune
790 2500 909 2559 luerint
928 2499 1119 2559 introducta.

384 2609 530 2669 Ceterum
547 2607 630 2666 inter
644 2625 691 2678 ea,
707 2623 787 2682 quae
808 2607 982 2667 recentiore
1003 2607 1195 2666 commercio
1216 2607 1249 2666 in
1273 2607 1476 2667 Germaniam
1502 2606 1559 2666 de-

348 2717 519 2787 duxerunt,
537 2720 612 2774 sunt
636 2731 717 2792 quae
737 2731 804 2773 rem
821 2713 1019 2791 designatam
1046 2713 1248 2784 comitentur,
1266 2715 1297 2772 et
1322 2713 1365 2772 ita
1388 2713 1558 2790 praefinito

345 2839 452 2892 sensu,
480 2820 628 2879 utnulla
652 2819 685 2879 in
707 2820 889 2896 germanico
910 2836 1056 2880 sermone
1080 2836 1186 2896 parem
1212 2819 1275 2878 vim
1299 2818 1449 2878 habeant.
1466 2817 1559 2890 Quod

345 2927 530 3005 praesertim
545 2925 751 2985 manifestum
769 2931 816 2986 est
838 2927 1018 2988 iniverbisa
1035 2910 1262 3002 francogallioa
1276 2925 1387 3003 lingua
1403 2925 1559 2984 mutuatis

345 3037 377 3094 et
398 3033 436 3093 ab
462 3033 582 3110 optimo
607 3049 736 3108 quoque
761 3032 825 3091 sive
850 3037 986 3104 oratore,
1013 3033 1078 3092 sive
1103 3032 1255 3109 scriptore
1275 3031 1458 3109 usurpatis3
1484 3049 1560 3092 nam

350 3141 502 3219 pleraque
519 3155 630 3200 eorum
654 3142 718 3196 tam
734 3138 893 3216 exquisita
907 3139 1139 3217 cogitationum
1164 3157 1201 3200 ac
1219 3139 1307 3198 velut
1327 3138 1473 3198 colorum
1496 3137 1560 3198 dis-

379 3420 412 3484 (l)
432 3421 469 3472 Ci.
486 3391 802 3490 Schultz.'13cata·edaagea
818 3424 864 3474 dea·
876 3422 1185 3490 Spraalrpaseltsciraftea,
1200 3435 1226 3487 p.
1249 3423 1306 3472 ree.

380 3520 417 3583 (2)
438 3518 500 3567 Uar.
518 3516 592 3576 Gai..
609 3518 727 3581 §ei-ea.

380 3613 415 3676 (3)
433 3610 531 3662 Eadem
544 3611 602 3662 alias
616 3613 658 3662 vix
672 3613 757 3663 verbis
771 3612 865 3663 suadet
879 3612 972 3664 Feneto
989 3613 1014 3661 ia
1031 3611 1149 3675 Epistola
1166 3609 1202 3658 ad
1221 3607 1384 3658 Academiam
1402 3605 1452 3666 red.
1476 3607 1507 3657 N.
1530 3605 1558 3655 Α.

351 3706 456 3767 bubata,
479 3709 558 3769 Paris,
581 3708 707 3768 Delatain,
734 3711 807 3767 ieet,
832 3709 912 3764 ιιι-12,
940 3719 965 3772 p.
984 3709 1059 3766 tit:
1078 3721 1091 3752 a
1107 3702 1219 3756 D’abord
1233 3703 1256 3754 le
1270 3705 1324 3752 mot
1337 3715 1399 3767 grec
1416 3713 1449 3752 ne
1462 3700 1561 3766 passati

349 3815 401 3867 que
414 3815 516 3853 comme
527 3799 669 3868 etrangcr3
690 3815 722 3854 on
737 3801 889 3853 demandati
902 3801 1056 3866 permission
1068 3799 1100 3850 de
1111 3798 1164 3850 s'en
1176 3799 1258 3850 servir
1271 3813 1277 3860 ;
1293 3799 1352 3863 puis
1367 3796 1392 3848 ta
1404 3797 1559 3863 permission

350 3910 378 3948 se
394 3899 512 3949 taumait
525 3911 557 3950 en
567 3899 714 3963 possession
729 3901 755 3949 et
767 3911 798 3948 en
815 3896 884 3949 droit
901 3914 927 3946 a.

383 3990 421 4058 (t)
441 3991 504 4042 Uno.
518 3991 593 4051 ead„
609 3992 624 4055 ἓ
638 3993 680 4043 96.

383 4086 420 4147 (tt)
437 4084 551 4146 tamdiu,
568 4088 597 4136 ut
613 4089 704 4137 notum
723 4089 771 4145 est,
793 4084 862 4136 docti
886 4087 910 4137 in
933 4087 1071 4138 Germania
1092 4087 1139 4136 viri
1162 4087 1280 4144 externa.
1299 4085 1441 4150 praecipue
1468 4095 1562 4150 graeca

353 4180 379 4230 et
399 4179 490 4238 latina,
505 4177 537 4230 ad
552 4182 623 4229 artes
642 4180 801 4244 pertinentia
823 4179 952 4232 vocabula
967 4179 1037 4233 bunc
1059 4181 1084 4231 in
1103 4179 1209 4232 modum
1229 4177 1354 4230 adbibere
1369 4179 1517 4244 coeperant.
1532 4203 1560 4216 -

352 4275 445 4323 Paucis
460 4276 547 4322 autem
562 4272 674 4322 evolutis
690 4275 803 4338 paginis,
822 4278 948 4325 mutatam
962 4275 1016 4338 jam
1032 4279 1140 4339 rapituret
1154 4289 1211 4325 esse
1226 4289 1240 4324 a
1256 4273 1381 4323 leibnitio
1392 4276 1559 4332 sententiam

351 4369 430 4418 calari
446 4369 514 4417 euim
532 4369 748 4422 irreconstantiae.
765 4371 793 4418 ut
806 4370 920 4432 saepius,
937 4369 1087 4431 indulgeas,
1106 4369 1160 4433 jam
1174 4371 1243 4420 amm
1260 4371 1380 4432 exparte
1403 4369 1559 4420 contrariam

352 4462 500 4524 ingreditur
523 4461 565 4512 illc
579 4463 646 4510 viam
662 4461 834 4528 hortaturque
861 4467 889 4513 ut
913 4466 1019 4514 omnino
1033 4464 1159 4514 tollantur
1183 4463 1330 4514 litterarum
1351 4465 1558 4528 germanicarum

353 4557 450 4608 termae
464 4558 489 4606 et
516 4557 591 4606 unice
607 4557 630 4606 iu
646 4560 778 4620 posterum
794 4556 970 4610 adhibeantur
992 4572 1125 4620 romanae,
1146 4572 1212 4624 quas
1236 4557 1391 4624 typographi
1417 4558 1558 4623 appellant.

353 4651 456 4702 litterae
478 4652 554 4714 (tiau
579 4649 652 4710 Gai„
669 4651 684 4714 ξ
699 4649 829 4716 too-rei).
853 4654 897 4704 Cui
914 4654 1057 4718 proposito.
1079 4653 1187 4718 longum
1211 4657 1270 4717 post
1297 4655 1421 4718 temporis
1436 4654 1557 4726 spatium.

354 4749 536 4806 assentiuntur
553 4749 640 4802 tamen
656 4748 740 4818 magis
757 4750 782 4805 ta
798 4748 853 4802 dies
868 4748 1030 4805 cruditorum
1046 4762 1155 4820 operum
1169 4747 1291 4804 editores.
