3462 5452
676 573 896 652 -sr-·

166 717 322 804 opinione
340 719 456 787 ductus
470 723 622 808 optimam
635 727 828 807 quamquea
855 723 998 808 Menagio
1021 724 1191 807 diligenter
1210 709 1379 789 enodatam

166 833 397 913 etymologiam
413 852 524 895 rursus
540 835 573 896 in
589 835 722 897 dubium
737 843 829 898 vocet
844 843 898 898 aut
911 837 1053 916 praecise
1067 842 1257 916 respuatet,
1274 837 1381 900 uthoe

163 945 292 1003 tantum
323 943 492 1004 efferamus
518 945 711 1022 exemplum,
738 945 999 1024 francogallieam
1026 962 1136 1006 vocem
1156 944 1211 1025 feu
1234 946 1378 1019 minime,

165 1049 254 1128 quod
268 1055 376 1112 tamen
401 1052 562 1130 ltlenagius
579 1052 785 1114 manifestum
809 1055 940 1114 omnino
961 1054 1090 1128 iecerat,
1115 1073 1131 1115 e
1154 1055 1255 1116 latina
1279 1054 1378 1135 focus,

166 1156 224 1218 sed
240 1175 257 1217 e
272 1159 455 1235 germanica
466 1157 555 1238 fauor
567 1158 773 1220 derivandam
797 1165 862 1220 erte
880 1164 986 1222 teneat
999 1161 1051 1242 (l).

204 1263 289 1324 lllud
306 1262 435 1341 quidem
446 1265 556 1342 negari
571 1283 638 1326 non
660 1265 764 1338 dehet,
781 1284 868 1340 eum,
886 1272 953 1327 tum
969 1269 1098 1346 majori,
1115 1283 1209 1345 quam
1222 1268 1284 1329 hoo
1301 1273 1381 1329 tem·

166 1372 257 1449 poris
273 1390 344 1432 mos
359 1375 452 1445 esset,
468 1376 720 1449 temperamento
743 1373 898 1447 adhibito,
915 1378 986 1435 tum
998 1375 1131 1453 juvante
1154 1374 1292 1452 quadam
1304 1392 1381 1436 eou-

160 1480 300 1560 jioiendi
326 1481 490 1553 felicitate,
515 1481 689 1541 nonnullas
713 1498 823 1554 novas,
850 1481 960 1559 plures
986 1481 1156 1560 hueusque
1184 1482 1298 1542 dubias
1327 1487 1382 1542 aut

161 1604 277 1667 parum
294 1588 438 1666 cognitas
450 1588 659 1666 etymologias
675 1592 731 1648 aut
745 1588 884 1664 primum
898 1589 1115 1667 proposuisse,
1128 1593 1182 1649 aut
1196 1589 1381 1667 diligentius

163 1695 199 1756 in
226 1695 372 1772 apricum
399 1695 593 1772 protulisse;
615 1694 702 1754 haud
725 1696 816 1755 absre
847 1699 955 1755 tamen
982 1694 1078 1757 fuerit
1105 1696 1379 1768 animadvertisse,

162 1802 267 1880 ipsius
291 1818 387 1880 opera
408 1806 440 1861 et
468 1801 575 1862 studio
606 1802 852 1880 etymologicam
878 1801 1057 1862 doctrinam
1075 1821 1141 1863 non
1164 1807 1231 1864 tam
1259 1805 1379 1876 multis

162 1926 263 1987 quam
279 1910 350 1987 ejus
365 1908 586 1969 laudatoribus
598 1909 700 1968 visum
716 1909 767 1981 sit,
782 1909 877 1969 eertis
891 1914 922 1969 et
937 1909 1068 1970 ineditis
1083 1911 1287 1988 etymologiis
1313 1929 1381 1972 esse

162 2019 312 2079 ditatam.
330 2017 518 2078 Recensenti
533 2018 618 2077 enim
635 2031 674 2076 ex
697 2015 809 2076 ordine
838 2015 977 2094 integras
991 2017 1061 2094 ejus
1089 2015 1319 2077 Observationes
1338 2017 1380 2078 ad

161 2121 449 2198 Franco-Galliam,
465 2124 518 2182 vix
533 2124 582 2195 lt),
597 2140 613 2182 e
628 2123 686 2182 226
699 2123 743 2183 ibi
754 2123 896 2183 tractatis
911 2123 1056 2196 vocibus
1068 2129 1179 2184 notare
1195 2123 1304 2184 datum
1322 2129 1379 2198 est,

161 2251 243 2312 quas
270 2232 311 2293 ad
339 2249 448 2292 veram
472 2231 629 2310 originem
658 2247 788 2308 quoquo
817 2230 929 2290 saltem
960 2229 1056 2290 modo
1084 2236 1248 2291 revocatas
1276 2231 1380 2292 dicere

163 2358 276 2420 queas.

200 2446 292 2507 Adde
307 2445 393 2524 quod
406 2463 472 2506 non
486 2441 584 2505 semel
599 2443 755 2504 vocabula
771 2443 809 2502 ab
825 2459 863 2503 eo
877 2441 916 2501 ad
934 2459 1038 2503 unum
1060 2442 1280 2516 conteruntur,
1298 2461 1379 2520 quae

162 2555 359 2616 recentiores
379 2554 562 2632 linguarum
576 2551 670 2629 periti
692 2533 751 2610 viri
767 2567 843 2609 sane
867 2554 1003 2626 cognata
1024 2567 1153 2627 quoque
1169 2554 1378 2628 agnoverunt,

163 2662 329 2739 sedlonge
346 2661 409 2720 elia
434 2659 557 2719 ratione
583 2663 614 2718 et
640 2658 701 2730 via,
731 2661 826 2734 atque
853 2655 1011 2716 Leibnitio
1035 2656 1140 2715 visum
1156 2655 1277 2729 luerat;
1298 2656 1380 2719 adde

163 2768 253 2847 quod
272 2766 367 2845 plura
391 2782 459 2826 non
478 2765 541 2825 nisi
565 2783 604 2826 ex
627 2764 778 2825 omnihus
807 2767 882 2822 tune
897 2763 1079 2841 vigentibus
1104 2763 1375 2842 etymologiarum

163 2874 353 2936 auctoribus
369 2871 559 2950 deprompta
573 2871 690 2942 attulit,
718 2870 802 2929 inter
816 2887 896 2946 quos
921 2869 1125 2942 llenisohius‚
1151 2870 1371 2949 Clauhergius

141 2979 426 3051 -llarsdoertlerus‚
455 2978 634 3050 PrasohiuS‚
666 2977 818 3038 Stielerus
841 2975 961 3053 aliique
989 2976 1096 3049 multi,
1118 2980 1149 3036 at
1168 2993 1243 3054 prae
1267 2965 1381 3040 ceteris

163 3087 351 3159 dometius,
366 3090 441 3146 sunt
450 3085 650 3146 nominandi.
665 3085 779 3144 Multas
791 3083 937 3156 enimet
955 3101 1007 3142 eas
1034 3085 1225 3162 plerumque
1240 3087 1380 3146 certissi-

161 3205 244 3267 mae,
263 3194 304 3254 ab
315 3209 352 3254 eo
366 3192 546 3271 propositas
559 3191 782 3270 etymologiae,
800 3188 972 3267 dequibus
996 3190 1075 3268 ipsis
1097 3191 1239 3251 maxima
1265 3193 1293 3252 ei
1310 3193 1380 3252 laus

169 3301 318 3380 contigit,
328 3317 367 3361 ex
380 3299 524 3360 llorhotii
538 3315 634 3376 opere
643 3297 789 3358 hausisse
801 3295 942 3369 videtnr;
961 3296 1047 3374 quod
1061 3297 1195 3356 forsitan
1206 3297 1380 3376 insequens

165 3406 381 3488 quarumdam
407 3405 608 3467 enumeratio
637 3404 763 3465 abunde
793 3402 959 3477 docuerit;
991 3421 1065 3462 nam
1106 3404 1380 3481 quemadmodum

162 3515 350 3586 dometius,
374 3513 418 3573 ita
440 3511 617 3572 Leibuitius
645 3510 725 3570 haee
749 3510 906 3571 voeabula
933 3510 1100 3570 assimulat
1127 3529 1134 3570 :
1160 3509 1262 3572 alesae
1284 3532 1306 3570 :
1327 3512 1381 3573 eal

165 3619 354 3702 (Atte)(a);
384 3617 469 3680 discit
500 3615 759 3698 (tecttzdtscus
777 3617 831 3697 (3);
861 3615 1217 3700 desevisseztrebs(d);
1244 3619 1381 3700 epervter

180 3745 200 3786 :
215 3725 369 3808 sperbeeri
383 3726 441 3805 (5);
460 3723 566 3805 esquis
574 3741 597 3782 :
610 3722 705 3803 sehtff
716 3723 725 3802 (
747 3724 768 3803 t.

1119 3929 1370 3943 —u———

195 4031 231 4097 (l)
249 4031 321 4093 Dat,
334 4033 376 4093 Vl,
390 4044 453 4098 pars
467 4035 492 4092 2,
507 4046 535 4098 p.
550 4034 591 4084 58.
617 4059 648 4071 -
671 4033 744 4093 Quae
760 4032 825 4084 false
850 4033 939 4098 opinio
954 4029 1114 4097 jamdudum
1129 4031 1200 4097 apud
1222 4029 1377 4083 llorhofium

165 4126 371 4186 occurreretlet.
389 4127 545 4188 lloterrae'clrt,
562 4131 628 4192 tol).

197 4218 233 4286 (2)
252 4220 292 4270 Cf.
306 4221 377 4282 net,
392 4223 433 4282 Vl,
444 4234 506 4285 pars
521 4225 545 4281 2,
562 4235 589 4286 p.
606 4224 636 4272 52
647 4237 676 4266 =
692 4222 849 4282 ariter-ruat,
865 4225 923 4272 lot.

197 4315 375 4377 (dl-ibid,
428 4342 459 4354 -
531 4343 561 4354 -
599 4321 671 4368 56:
722 4316 799 4377 leid,
875 4319 917 4368 93.

196 4412 233 4477 (l)
258 4410 376 4471 -lttd,
431 4437 460 4448 -
532 4438 562 4449 -
600 4416 672 4462 57:
723 4411 799 4474 lbt'd„
859 4415 916 4460 lot.

199 4505 378 4570 [a-mu„
431 4521 488 4545 -·
534 4531 563 4544 -
601 4510 673 4558 τιτι-
724 4505 799 4567 reat,
861 4510 918 4556 ior.

202 4607 234 4669 (6)
260 4603 380 4667 -ldid,
435 4630 465 4641 -
536 4628 566 4642 -
604 4606 675 4654 ὅτε
727 4601 802 4662 leid,
857 4604 914 4652 llll.
