3462 5452
884 621 1073 700 ..74-

375 789 504 836 morum
525 771 669 854 anglicae
684 772 787 856 gentis
810 773 945 858 effigiem
965 774 1116 852 declarat,
1133 774 1185 840 cui
1211 793 1287 839 sane
1305 776 1425 840 multas
1450 774 1575 840 virtutes

375 882 519 962 largitur,
537 901 635 944 unam
646 889 754 946 tamen
768 884 876 946 deesse
892 884 989 960 dolet,
1007 885 1129 946 scilieet
1141 884 1359 962 modestiam(
1380 890 1402 962 ).

415 992 513 1051 Paulo
529 992 634 1053 acrius
649 992 782 1054 sortasse
803 993 923 1053 dictam
938 1010 1006 1054 esse
1028 1010 1158 1054 oausam
1178 990 1345 1054 latendum
1369 996 1428 1066 est,
1445 998 1478 1053 at
1493 1010 1575 1071 mag-

374 1115 450 1158 nam
466 1098 532 1158 veri
554 1103 679 1177 partem
702 1100 785 1160 latae
807 1101 982 1161 sententiae
997 1099 1137 1160 adfuisse
1157 1104 1283 1160 constal
1301 1105 1333 1160 et
1357 1100 1474 1178 quibus
1496 1099 1575 1159 vitiis

372 1204 500 1284 anglica
524 1205 635 1285 lingua
657 1207 780 1266 laboret
808 1225 825 1266 a
854 1207 1007 1268 Morhosso
1034 1205 1139 1266 lucide
1162 1223 1223 1266 nec
1248 1206 1331 1266 ultra
1357 1204 1491 1266 modum
1514 1223 1575 1267 essa

370 1316 527 1373 notatum.
545 1314 588 1372 Ac
602 1318 686 1373 certe
705 1314 828 1391 justam
842 1313 1152 1375 animadversionem
1167 1313 1274 1373 meriti
1290 1317 1390 1386 erant,
1409 1331 1446 1373 ea
1468 1317 1574 1384 aetate,

372 1419 490 1497 anglici
506 1419 675 1497 scriptores
690 1437 697 1492 ;
712 1425 801 1480 tanta
816 1420 903 1480 enim
924 1419 1074 1497 superbia
1088 1424 1220 1480 cunctas
1243 1424 1423 1480 exterarum
1439 1421 1577 1500 gentium

373 1527 623 1588 contemnebant
650 1526 788 1605 linguas,
819 1527 914 1587 unica
941 1527 1068 1606 anglica
1093 1526 1242 1588 laudibus
1269 1531 1410 1600 onerata,
1438 1533 1475 1588 ut
1504 1545 1577 1606 quae

372 1632 564 1694 immodeste
578 1633 747 1711 jactarent,
768 1637 805 1694 ul
827 1634 872 1694 ila
891 1633 1007 1706 dicam,
1025 1638 1186 1694 certamen
1202 1634 1332 1695 cierent.
1349 1634 1408 1707 Qui
1427 1652 1495 1695 non
1515 1640 1577 1694 tan·

375 1745 446 1801 lum
460 1741 648 1818 praecipuas
663 1742 807 1818 Europae
830 1740 957 1819 linguas
980 1741 1183 1818 spemehant‚
1208 1741 1350 1801 italicam
1373 1757 1503 1818 nempe¹
1518 1741 1575 1800 his-

376 1849 524 1928 panicam
540 1852 571 1909 et
594 1848 745 1926 gallicam
760 1847 814 1922 (ἓ),
829 1846 884 1907 sed
900 1864 936 1907 eo
953 1847 1050 1907 etiam
1075 1847 1275 1925 arrogantiae
1298 1852 1529 1924 processerant,
1546 1851 1577 1907 ut

374 1956 576 2017 teutonicum
599 1972 779 2016 sermonem
799 1953 912 2014 rudem
934 1959 964 2014 et
988 1953 1156 2014 horridum
1175 1954 1388 2031 increparent.
1412 1957 1576 2032 Postquam

376 2063 473 2140 igitur
489 2061 661 2122 Morhotius
682 2062 749 2138 jam
770 2063 862 2120 antea
877 2061 1110 2139 significaverat
1125 2065 1245 2137 quanto
1260 2065 1457 2138 praestarent
1479 2079 1576 2122 roma-

370 2169 437 2229 nici
454 2186 628 2242 sermones,
644 2167 746 2228 torma
762 2171 793 2226 et
813 2184 961 2239 numero,
978 2171 1014 2226 ut
1035 2165 1164 2244 agnovit
1186 2167 1265 2243 ipse,
1284 2184 1359 2243 prae
1380 2168 1493 2228 ceteris
1514 2167 1577 2246 pol-

377 2275 489 2346 lentes,
507 2274 611 2335 cilicio
635 2291 709 2350 erga
729 2273 870 2350 patrium
886 2290 1068 2333 sermonem
1092 2272 1247 2351 iungitur,
1263 2274 1418 2334 revocatis
1441 2273 1480 2333 ad
1495 2291 1575 2334 vere-

374 2381 528 2444 cundiam
557 2380 667 2459 Anglis
695 2380 728 2439 in
756 2380 974 2458 germanicam
1010 2379 1169 2457 linguam,
1198 2378 1250 2438 cui
1280 2379 1406 2457 anglica
1440 2380 1575 2441 modeste

372 2485 531 2567 quidquid
548 2485 720 2547 servaverit
732 2485 858 2545 virtutis
871 2489 1039 2562 acceptum
1053 2483 1169 2544 referre
1181 2483 1294 2544 debeat
1311 2484 1363 2562 (3).

407 2765 443 2833 (r)
466 2766 535 2825 ont,
551 2767 609 2815 253.

405 2859 441 2925 (a)
462 2857 674 2919 rumare-aso.

405 2956 442 3021 (a)
460 2951 537 3014 rosa,
553 2955 612 3003 aaa.
