3446 5452
862 598 1078 668 -174-

362 747 481 807 sensim
496 748 529 807 in
546 747 659 808 melius
683 751 757 806 sunt
776 763 942 818 conversa;
964 747 1032 824 jam
1053 746 1123 806 tluit
1145 745 1215 822 eJus
1240 743 1342 803 oratio
1357 741 1533 803 emendata
1548 746 1580 802 et

362 852 403 913 ad
416 871 565 914 normam
581 854 769 930 composita,
784 852 930 930 expedita
950 858 981 913 et
1001 851 1134 929 liquida,
1158 850 1198 910 ad
1223 850 1427 927 propositum
1446 847 1579 927 placido

362 959 459 1021 simul
476 966 506 1021 et
519 961 669 1021 omnibus
681 960 869 1039 ambagibus
886 960 992 1020 soluto
1008 958 1109 1038 gradu
1137 957 1281 1018 tendens.
1308 956 1430 1017 Eruditi
1445 956 1581 1034 quidem

361 1066 433 1139 viri,
461 1066 567 1128 adhuc
593 1068 705 1126 solitae
739 1066 829 1126 latini
856 1067 1013 1126 sermonis
1034 1070 1212 1125 structurae
1240 1063 1400 1124 interdum
1433 1063 1578 1135 obnoxii,

361 1172 530 1234 haesitatio
557 1174 678 1250 passim
703 1173 974 1250 deprehenditur3
1009 1172 1064 1232 scd
1097 1173 1191 1250 longe
1216 1171 1313 1231 distat
1339 1172 1475 1250 fugitiva
1500 1171 1580 1231 haec

362 1280 524 1339 cunctatio
541 1280 579 1339 ab
595 1279 775 1340 inconnexa
789 1281 981 1356 plerumque
1000 1277 1209 1340 Sebotteliani
1231 1277 1388 1337 sermonis
1408 1278 1534 1338 ratione
1549 1282 1579 1337 et

361 1385 447 1463 apud
471 1386 664 1445 leibnitium
692 1387 814 1458 crebro,
835 1386 972 1462 exempli
1000 1385 1114 1464 gratia,
1131 1385 1163 1444 in
1187 1384 1296 1444 libello
1317 1382 1577 1464 Uneorqreisliclre

362 1489 527 1553 Gedanlren
544 1494 748 1564 observatur;
776 1509 815 1552 ne
840 1493 945 1570 plura,
962 1493 1110 1569 quamvis
1127 1491 1263 1552 subinde
1284 1492 1448 1569 implicata
1473 1491 1573 1551 videri

359 1599 461 1676 possit
488 1605 518 1659 et
545 1600 692 1660 intricata
724 1599 882 1659 sermonis
911 1598 1092 1676 dispesitie,
1120 1597 1254 1658 solidior
1281 1599 1381 1657 etiam
1409 1615 1515 1675 aequo
1547 1602 1577 1657 et

361 1705 524 1766 interdum
545 1707 644 1778 laeva,
666 1706 898 1783 perfectissima
924 1711 1031 1766 tamen
1055 1706 1187 1784 ubique,
1212 1705 1299 1783 quod
1326 1706 1462 1766 multum
1490 1706 1578 1766 abest

361 1816 397 1872 ut
411 1813 568 1872 Leibnitio
583 1830 708 1889 semper
730 1813 911 1891 contigerit,
938 1813 1081 1873 claritate
1097 1813 1188 1884 nitet,
1206 1811 1292 1871 unde
1308 1812 1376 1872 sine
1394 1811 1461 1871 ulla
1478 1811 1573 1872 dubi·

361 1919 493 1992 tatione,
520 1919 778 1980 dissimulatione
800 1922 856 1978 aut
877 1919 1027 1998 ambigua
1052 1919 1316 1996 interpretatione
1341 1919 1525 1978 illustratur
1547 1921 1576 1977 et

360 2025 457 2103 plane
473 2025 644 2085 manifesta
659 2026 694 2084 tit
711 2025 851 2084 auctoris
865 2026 1024 2085 sententia
1038 2042 1196 2102 quaeque.

400 2131 487 2202 Quae
508 2132 623 2191 saltem
647 2132 680 2190 in
701 2131 805 2192 trente
820 2131 953 2210 vestigia
978 2133 1092 2191 veteris
1114 2131 1213 2191 moris
1236 2131 1378 2202 retinuit,
1404 2148 1443 2190 ea
1463 2131 1574 2190 incon·

361 2239 464 2300 sultos
479 2243 605 2299 tantum
629 2244 660 2298 et
683 2240 786 2316 primo
812 2239 964 2316 adspectu
984 2238 1166 2317 Judicantes
1190 2237 1336 2315 decipere
1350 2241 1507 2315 possunt3
1531 2236 1572 2296 ibi

363 2346 450 2405 enim
467 2346 610 2423 protecte
634 2346 785 2423 reperias,
800 2350 964 2422 tamquam
990 2345 1157 2423 peregrina
1179 2344 1346 2416 vocabula,
1364 2359 1494 2403 omnem
1511 2359 1575 2402 ver·

360 2451 474 2512 borum
495 2452 633 2528 copiam,
656 2469 749 2529 quae,
770 2449 996 2528 exprimendae
1018 2451 1135 2528 cuique
1156 2450 1196 2510 ad
1214 2455 1297 2511 artes
1312 2451 1486 2528 pertinenti
1505 2468 1574 2510 sen-

362 2559 481 2618 tentiae
506 2557 697 2629 necessaria,
724 2557 896 2617 llorhodus
920 2574 987 2616 non
1010 2560 1135 2634 poterat
1159 2558 1238 2634 quin
1266 2575 1284 2616 a
1314 2556 1484 2617 doctorum
1515 2574 1574 2618 usu

360 2664 552 2737 adsumeret,
569 2666 594 2723 si
611 2663 706 2724 modo
724 2664 857 2742 intelligi
880 2664 985 2723 vellet.
1011 2665 1051 2723 Ea
1073 2664 1181 2742 igitur,
1202 2669 1238 2724 ut
1257 2662 1408 2737 diximus,
1425 2666 1573 2725 consulto

365 2774 484 2843 tuetur,
511 2777 546 2830 ut
572 2771 728 2848 imprimis
755 2769 893 2830 lucidior
917 2775 948 2829 et
971 2770 1097 2830 facilior
1121 2772 1162 2831 sit
1186 2772 1370 2845 lectoribus,
1396 2772 1430 2831 in
1456 2791 1521 2850 quo
1545 2773 1572 2832 ei

361 2878 481 2936 assensi
504 2881 578 2936 sunt
591 2878 697 2936 cuncti
714 2878 906 2936 recentiores
922 2877 980 2935 viri
994 2876 1091 2948 docti,
1106 2878 1235 2954 repulso
1252 2877 1381 2937 taudem
1398 2878 1571 2939 immodico

360 2983 431 3059 puri
449 2984 604 3042 sermonis
623 2988 819 3042 sectatorum
836 2982 953 3042 studio.

401 3090 444 3149 Eo
467 3106 543 3148 sane
565 3089 768 3166 potissimum
790 3092 878 3167 patet
899 3094 931 3149 et
954 3089 1045 3166 quasi
1062 3089 1196 3149 oliendit
1217 3088 1338 3150 discors
1361 3090 1416 3149 ille
1432 3090 1572 3150 vocabu-

360 3197 467 3256 lorum
481 3196 661 3274 adspectuS,
678 3195 764 3273 quod
784 3194 861 3257 huie
875 3196 1048 3256 verborum
1061 3196 1169 3274 generi
1189 3213 1340 3256 romanas
1363 3197 1485 3257 litteras
1502 3197 1573 3256 lati-

360 3319 499 3380 namque
522 3303 693 3363 tlexionem
716 3302 750 3362 in
775 3300 882 3362 media
907 3303 1091 3380 germanica
1117 3301 1257 3363 dictione
1284 3303 1431 3363 servavit.
1454 3303 1539 3362 Num
1558 3320 1573 3362 e

360 3413 424 3469 tam
440 3410 618 3487 longinquo
634 3414 778 3487 tempore
794 3410 951 3470 obsolevit
965 3409 1017 3469 hic
1034 3427 1113 3470 usus
1130 3409 1216 3487 apud
1229 3409 1340 3470 doctos
1356 3409 1389 3470 in
1404 3410 1575 3471 Germania

360 3518 470 3576 viros‘l
494 3519 604 3576 Nonne
630 3516 816 3595 hujusmodi
843 3517 989 3595 exempla
1009 3533 1111 3594 usque
1135 3515 1175 3576 ad
1191 3521 1332 3576 exactam
1356 3515 1431 3576 llllli
1453 3517 1573 3577 saeculi

361 3623 529 3683 dimidiam
544 3629 679 3701 partem,
697 3624 776 3700 quin
796 3623 893 3684 etiam
912 3623 1010 3697 iniis,
1029 3640 1111 3699 quae
1129 3620 1169 3682 ad
1190 3622 1375 3701 linguarum
1391 3621 1573 3682 doctrinam

360 3733 390 3788 et
412 3728 653 3807 philosophiam
678 3733 833 3806 spectant,
851 3728 958 3801 hodie,
981 3734 1012 3788 et
1034 3729 1138 3788 multa
1163 3727 1306 3806 quidem,
1324 3728 1572 3788 commemorari

360 3837 521 3912 possunt?
543 3834 616 3895 ldeo
631 3839 758 3895 tantum
774 3835 962 3907 leibnitius,
983 3851 1058 3895 cum
1075 3835 1256 3913 germanice
1276 3834 1397 3907 scribit,
1414 3835 1572 3895 recentio-

360 3957 429 4000 rem
453 3957 576 4001 morem
604 3941 695 4018 sequi
723 3939 860 4012 videtur,
891 3939 989 4017 quod,
1016 3940 1234 4020 praecogitata
1263 3959 1339 4000 usus
1373 3944 1450 4012 arte,
1479 3941 1572 4000 istius

359 4048 484 4126 generis
499 4048 656 4109 vocabula
669 4048 785 4108 litteris
798 4048 989 4126 germanicis
1011 4050 1087 4128 tegit
1102 4054 1132 4110 et
1143 4049 1256 4110 eadem
1271 4050 1405 4123 ratione,
1421 4067 1485 4127 qua
1500 4067 1571 4110 vere

360 4154 479 4230 patrias
493 4172 600 4227 voees,
617 4154 761 4215 inflectit.
780 4157 899 4216 Revera
914 4160 1022 4216 autem
1038 4157 1132 4218 ambo
1152 4155 1263 4216 eadem
1277 4157 1450 4217 verborum
1466 4157 1570 4234 copia,

359 4260 472 4322 eodem
489 4259 616 4322 delectu
636 4265 778 4334 utentur,
799 4267 841 4335 et,
866 4263 892 4322 si
915 4261 1160 4323 concedendum
1181 4264 1279 4324 luerit
1293 4264 1491 4325 Leibnitium
1506 4263 1571 4326 dic-

359 4368 456 4428 tionis
472 4368 514 4440 vi,
539 4369 662 4429 lervore
677 4384 715 4428 ac
730 4371 819 4429 motu
837 4369 1031 4446 praevalere,
1058 4369 1248 4430 Morhofium
1264 4373 1392 4430 exactae
1413 4368 1570 4448 discepta-

359 4474 456 4536 tionis
472 4473 647 4536 subtilitate
668 4479 699 4535 et
716 4475 880 4553 pellucido
900 4476 1033 4536 veritate
1054 4474 1195 4538 eminere
1215 4493 1282 4538 non
1302 4481 1350 4538 est
1372 4475 1568 4556 negandum.

399 4580 501 4656 Quam
526 4575 656 4660 quidem
681 4583 822 4642 mutatae
845 4579 877 4642 in
906 4581 1021 4642 laelius
1043 4578 1235 4643 elocutionis
1259 4583 1370 4644 notam
1395 4595 1461 4643 non
1485 4577 1567 4663 apud
