3446 5452
650 715 690 738 ·-
725 666 789 753 dii
820 717 864 736 -

633 1029 784 1102 CAPUT
814 1029 877 1100 111.

293 1303 337 1350 DE
361 1299 604 1349 ETYMOLOGICIS
629 1295 770 1346 LEGIBUS
797 1296 819 1344 A
845 1296 1021 1346 MORHOFIO
1050 1279 1214 1350 GONDITIS.

189 1861 371 1922 Constituta
384 1861 482 1940 igitur
496 1861 529 1920 in
553 1861 640 1922 hunc
665 1863 884 1948 perspicuum,
902 1879 997 1940 quem
1014 1880 1111 1940 supra
1125 1861 1276 1934 vidimus
1292 1877 1360 1924 mo-

147 1968 228 2028 dum
259 1968 408 2029 universa
433 1967 655 2046 suscipiendae
679 1969 836 2046 cujusque
862 1969 1095 2048 etymologicae
1125 1967 1365 2045 disquisitionis

148 2075 289 2147 ratione,
306 2073 477 2134 Morhoiius
494 2075 601 2134 statim
615 2074 697 2134 adid
712 2074 867 2152 procedit,
882 2080 918 2135 ut
945 2074 1140 2136 documento
1167 2074 1364 2135 demonstret

149 2197 250 2258 quem
266 2180 406 2242 fructum
424 2183 509 2240 recta
520 2198 596 2240 usos
613 2180 764 2240 methodo
774 2199 902 2259 carpere
925 2187 955 2242 et
966 2200 1062 2261 quam
1078 2199 1188 2260 graves
1202 2187 1298 2258 atque
1321 2180 1361 2240 ad

148 2286 363 2348 fundamenta
385 2287 616 2364 etymologicae
633 2287 796 2348 doctrinae
821 2290 945 2350 firmius
962 2289 1112 2367 jacienda
1134 2288 1267 2349 idoneas
1282 2289 1370 2367 leges

150 2412 193 2456 ex
217 2394 323 2472 sagaci
349 2393 564 2473 prudentique
587 2394 771 2472 linguarum
800 2396 988 2456 tractatione
1018 2413 1128 2456 eruere
1149 2396 1254 2456 liceat.

195 2500 336 2560 Prnnam
354 2504 472 2571 autem,
489 2500 602 2578 quanti
620 2518 744 2579 semper
766 2502 919 2562 momenti
941 2501 981 2561 ad
999 2501 1219 2562 informandas
1243 2501 1370 2580 linguas

151 2607 283 2668 dialecti
309 2606 429 2666 fuerint
451 2612 618 2667 memoret
637 2608 727 2684 quasi
757 2608 910 2668 instinctu
937 2607 1076 2686 quodam
1104 2625 1141 2667 ac
1163 2607 1306 2685 proniori
1329 2605 1370 2668 ad

151 2714 345 2778 vernaculos
361 2731 522 2774 sermones
538 2713 644 2774 studio
658 2715 827 2792 impulsus,
847 2715 896 2774 his
909 2715 1013 2775 verbis
1024 2714 1189 2792 concipit:
1204 2738 1219 2770 «
1240 2715 1276 2774 de
1303 2714 1371 2774 ein-

152 2821 291 2899 saeltiger
313 2819 379 2879 und
394 2820 518 2897 groeber
533 2820 760 2898 eineSprache‚
776 2819 865 2881 desto
881 2821 969 2880 aelter
983 2820 1050 2881 und
1074 2820 1311 2898 ungemischter
1325 2819 1369 2879 sie

152 2925 294 3006 sey‚und
308 2925 412 2986 denen
427 2926 548 2986 andern
564 2925 719 3005 [scilicet:
737 2927 944 2987 kiinstlichen
958 2926 1024 2986 und
1040 2924 1282 3006 ausgeputzten]
1297 2943 1368 2986 vor-

152 3034 234 3112 gehe
252 3056 267 3087 »
281 3035 334 3110 (1),
346 3033 601 3110 sententiamque
613 3034 709 3110 paulo
721 3038 794 3111 post
808 3035 852 3093 ita
868 3035 1005 3111 explicat
1016 3037 1047 3094 et
1059 3034 1207 3108 absolvit,
1217 3039 1253 3094 ut
1263 3033 1370 3094 addat:

155 3164 169 3195 a
184 3140 296 3200 Weiln
311 3139 382 3198 eine
406 3144 629 3217 aussgeputzte
658 3140 797 3216 Sprache
816 3141 934 3218 jiinger
949 3141 999 3212 ist,
1027 3141 1157 3200 alseinc
1180 3139 1280 3200 rauhe
1302 3139 1370 3200 und

154 3245 425 3306 unbeschnittene
442 3267 456 3299 υ
476 3247 527 3320 (2⁸.
1273 3303 1274 3306 ,

194 3352 410 3428 Temerariam
430 3351 562 3429 quidem
572 3357 603 3412 et
625 3351 733 3428 aliqua
748 3369 787 3412 ex
805 3357 894 3430 parte
909 3352 1047 3430 proximi
1063 3352 1144 3413 lucri
1161 3369 1216 3429 spe
1229 3369 1368 3431 concep-

155 3467 223 3522 tam
234 3459 422 3538 opinionem
434 3459 526 3518 istam
540 3458 643 3536 primo
658 3457 810 3535 adspectu
825 3458 959 3518 forsitan
970 3457 1177 3536 judicaveris;
1195 3459 1271 3518 satis
1284 3458 1371 3518 enim

157 3570 291 3646 apparet
300 3583 381 3642 quae
392 3569 581 3643 argumenta
602 3563 676 3624 inde
696 3563 736 3623 ad
765 3562 997 3624 vindicandum
1023 3563 1224 3642 germanicae
1240 3564 1370 3642 linguae

157 3691 233 3752 prae
247 3689 361 3750 graeca
377 3677 407 3731 et
420 3671 520 3730 latina
531 3671 704 3747 primatum
727 3670 875 3748 protinus
888 3669 1005 3730 ducere
1022 3669 1081 3728 sihi
1094 3673 1252 3746 proponat
1264 3671 1320 3750 (3).
1339 3671 1371 3731 Si

158 3798 227 3840 eam
239 3785 347 3840 tamen
360 3779 393 3838 in
408 3777 593 3838 universum
611 3777 735 3856 integro
751 3777 859 3836 animo
873 3774 1136 3848 consideraveris
1163 3775 1245 3835 nihil
1256 3776 1326 3853 jam
1341 3776 1372 3836 ei

158 3887 264 3970 inesse
288 3885 495 3964 reputaveris,
522 3883 609 3962 quod
646 3901 723 3944 cum
745 3883 878 3961 probata
901 3883 1002 3944 nostri
1034 3882 1189 3960 temporis
1218 3883 1364 3956 scientia,

160 3995 299 4056 admissa
314 3992 429 4052 vixhic
445 3992 511 4052 illio
524 4010 595 4054 rara
609 3990 746 4069 quadam
760 3988 1159 4068 exceptionediscrepare,
1171 3994 1227 4051 aut
1242 4008 1260 4050 a
1274 3996 1370 4052 netu-

159 4103 218 4165 raii
233 4105 268 4164 et
283 4105 447 4180 comperto
459 4099 616 4180 cujusque
627 4098 691 4160 fere
707 4098 862 4180 sermonis
877 4102 951 4180 ortu
965 4101 996 4158 et
1011 4113 1182 4178 progressu
1200 4097 1371 4161 abhorrere

160 4209 316 4273 rideatur.

196 4502 231 4574 (i)
252 4503 322 4569 tut,
341 4450 384 4557 m.
418 4545 421 4553 i

195 4599 232 4664 (a)
249 4601 326 4664 rata,
344 4605 386 4654 rr.

195 4699 230 4770 n)
248 4691 285 4754 ct.
301 4699 384 4753 tutan
398 4697 425 4753 tu
441 4685 596 4764 intendit,
613 4691 705 4762 rasis,
720 4687 869 4750 institutam
885 4686 1103 4771 disputationem.
