3462 5452
720 583 913 658 ..(7.-

215 733 320 796 verbis
337 735 521 798 concludit:
542 761 555 790 α
574 755 611 796 ex
629 737 739 797 eadem
756 738 878 815 origine
893 739 1021 799 ssuxisse
1039 734 1261 798 Germanicam
1276 741 1306 798 et
1327 734 1426 798 Persi-

215 859 287 902 cam
303 843 476 919 linguam»
494 841 548 922 (1).

248 947 333 1018 Quin
348 949 457 1020 etiam,
469 953 534 1007 tam
549 953 634 1008 recta
644 949 712 1026 jam
726 951 920 1026 auspicatus
930 951 1058 1028 longius
1073 950 1243 1028 procedere
1258 969 1324 1011 non
1335 951 1425 1011 dubi-

214 1057 271 1126 tat,
288 1059 330 1127 et,
347 1055 540 1114 testimoniis
558 1056 664 1126 nixus,
681 1073 762 1132 quac
776 1057 978 1116 Vulcaniuse
995 1058 1166 1134 Bushequii
1182 1057 1420 1116 narrationibus

214 1157 254 1218 de
265 1159 421 1219 Gotorum
433 1161 464 1219 in
477 1161 813 1222 TauricaChersoneso
830 1163 1039 1238 superstitum
1052 1162 1161 1239 lingua
1172 1161 1422 1238 deprompserat,

214 1267 438 1341 germanicum
458 1283 640 1327 sermonem
662 1266 894 1343 antiquissimis
915 1249 1114 1344 temporibus
1137 1267 1169 1327 in
1193 1272 1260 1326 tota
1283 1268 1425 1344 regione,

215 1389 299 1448 quae
321 1390 339 1431 a
362 1375 462 1433 Ponto
484 1373 607 1431 Euxino
630 1371 669 1431 ad
690 1373 921 1449 septentriones
943 1374 1054 1450 vergit,
1081 1374 1182 1433 immo
1209 1374 1242 1433 in
1263 1374 1332 1450 ipsa
1353 1373 1427 1432 Asia

215 1481 316 1540 luisse
337 1487 527 1557 usurpatum
545 1481 706 1556 opinatur,
725 1479 896 1557 subitoque
917 1480 1008 1556 quasi
1030 1480 1184 1540 instinctu
1208 1498 1214 1539 :
1239 1503 1253 1534 α
1282 1482 1427 1539 Fortasse

216 1592 249 1648 et
276 1587 361 1660 inde,
389 1588 506 1664 inquit,
532 1587 586 1645 ille
614 1592 661 1646 est
687 1591 794 1659 ortus;
829 1585 916 1662 quod
939 1586 1071 1663 quidem
1100 1586 1297 1663 diligentius,
1326 1603 1425 1663 quam

215 1697 384 1772 hucusque
394 1696 510 1766 evenit,
527 1694 717 1771 investigare
732 1692 818 1752 haud
831 1693 887 1751 abs
902 1711 935 1752 re
953 1711 1023 1752 osse
1038 1693 1289 1752 existimaverim
1304 1715 1319 1746 »
1334 1695 1385 1772 (ἓ).

258 1801 415 1862 Leibnitio
429 1799 560 1878 quidem
575 1801 787 1877 suppetebant
802 1799 914 1858 eadem
930 1799 1134 1871 documenta,
1151 1818 1232 1876 quae
1250 1786 1424 1873 'Morholio,

216 1908 395 1984 eademque
418 1908 575 1984 reperitur
600 1906 685 1984 apud
696 1924 773 1964 eum
799 1906 939 1965 sontium
963 1911 995 1965 et
1019 1911 1188 1965 auctorum
1208 1908 1423 1980 enumeratio;

215 2016 360 2075 multum
372 2019 481 2073 tamen
495 2015 583 2073 abest
596 2019 631 2072 ut
648 2013 701 2072 ille
718 2014 761 2072 ita
774 2012 892 2072 diserta
905 2019 935 2072 ot
950 2013 1130 2090 probabilia
1146 2013 1219 2074 inde
1235 2015 1365 2091 colligat
1381 2033 1427 2074 ar-

215 2127 371 2201 gumenta
384 2126 439 2180 aut
453 2121 643 2180 sententiam
655 2138 747 2179 suam
762 2121 830 2196 pari
846 2122 1032 2179 strenuitate
1048 2128 1225 2197 expromat.
1239 2123 1337 2199 Cujus
1352 2141 1427 2199 pro-

215 2231 299 2288 l'ecto
320 2227 426 2286 studia
445 2233 476 2286 et
495 2227 764 2303 exspectationem
780 2233 950 2286 moverunt
969 2245 1050 2303 quae
1069 2227 1107 2287 de
1126 2229 1212 2288 tJ'otis
1228 2229 1426 2290 Cherronen-

216 2335 305 2393 sibus
323 2334 968 2410 narrabantur;-postqua1nautern,solito
984 2352 1084 2407 more,
1103 2333 1158 2394 diu
1174 2334 1281 2408 ltoesit,
1299 2337 1376 2413 quid
1388 2338 1426 2398 de

215 2459 250 2502 re
266 2440 470 2500 sentiendum
487 2446 568 2500 esset
583 2441 734 2512 incertus,
751 2439 875 2500 Ludolli
889 2440 1076 2516 opinionem
1091 2442 1270 2502 sciscitatur
1284 2445 1326 2522 (3)
1343 2444 1426 2504 etad

218 2547 387 2609 Podestam
402 2546 546 2624 confugit
560 2549 616 2622 (4),
633 2565 654 2604 u
688 2547 837 2606 certiores
858 2545 896 2606 de
914 2547 953 2606 iis
970 2548 1102 2606 notitiae
1125 2548 1332 2626 colligantur3
1351 2568 1428 2620 mox

217 2672 303 2727 vcro,
321 2653 482 2730 rescriptis
497 2654 622 2725 littorio,
639 2657 675 2712 ut
690 2652 825 2727 videtur,
841 2670 957 2730 parum
972 2659 1152 2728 contentus,
1168 2656 1217 2714 vel
1236 2660 1313 2714 nota
1326 2648 1426 2716 animi

217 2761 420 2821 volubilitate
435 2765 545 2837 raptus
561 2766 591 2820 et
606 2759 646 2820 ad
661 2761 724 2819 alia
741 2761 809 2837 J'am
828 2761 1030 2835 sollicitatus,
1048 2763 1270 2839 quaestionem
1284 2770 1427 2841 praeter-

216 2871 318 2930 mittit
341 2887 378 2930 ac
402 2868 606 2946 derelinquit,
627 2885 667 2928 ne
692 2873 824 2928 conatus
849 2868 981 2944 quidem
1001 2868 1074 2929 inde
1099 2869 1276 2948 quidquam
1301 2871 1425 2946 elicere,

218 2977 306 3057 quod
328 2977 368 3038 ad
385 2977 519 3054 linguae
535 2976 737 3053 germanicae
759 2975 984 3052 antiquissima
1001 2977 1066 3036 lata
1083 2980 1114 3035 et
1128 2977 1299 3055 pristinam
1312 2996 1428 3057 propa-

217 3085 380 3163 gationem
403 3087 569 3161 spectaret.
584 3081 819 3170 Vixquaedam
834 3082 954 3142 incerta
969 3083 1045 3142 satis
1065 3089 1096 3142 et
1115 3083 1279 3144 incondita
1295 3084 1333 3145 de
1345 3103 1428 3146 non-

216 3191 317 3251 nullis
332 3190 497 3251 vocabulis
517 3189 667 3264 delineat,
694 3206 775 3266 quae
791 3189 957 3249 Tartaricis
983 3189 1185 3250 sermonibus
1206 3207 1281 3250 cum
1303 3193 1428 3253 Persica

217 3299 330 3377 lingua
344 3297 531 3358 communia
544 3313 612 3356 esse
627 3295 821 3356 viderentur.

257 3409 300 3467 De
320 3407 389 3484 ipsa
410 3410 519 3465 autem
534 3405 660 3465 Persica
673 3404 798 3482 'lingua
821 3420 960 3481 quoque,
977 3403 1122 3480 quandiu
1136 3404 1225 3478 vixit,
1243 3406 1426 3484 ambiguus,

218 3523 254 3579 ut
275 3517 342 3595 ipse
357 3514 461 3575 dicere
483 3515 574 3587 solet,
592 3512 698 3586 laesit,
714 3511 754 3572 ad
767 3512 926 3572 contraria
937 3511 1080 3571 vicissim
1092 3518 1241 3590 vergente
1256 3514 1424 3588 sententia,

1387 3667 1421 3680 nn·

253 3749 289 3820 tl)
307 3749 345 3802 cl.
359 3745 428 3812 unt,
444 3751 524 3800 lli-ll
538 3752 564 3800 ot
575 3746 731 3813 Polytiator,
747 3743 775 3798 Τ.
790 3747 811 3810 1,
823 3746 880 3798 Lib.
898 3745 939 3810 lV,
953 3759 1012 3812 cap.
1025 3747 1050 3809 ὅ,
1064 3744 1187 3810 §tect
1199 3746 1278 3796 etiam
1292 3745 1427 3808 Raumerl,
1460 3737 1466 3747 '

241 3887 246 3902 .
266 3851 308 3901 95.

218 3863 288 4012 p(2)
308 3945 377 4008 Uet,
391 3944 432 3996 39.
447 3969 473 3980 -
492 3942 576 4003 Quam
600 3940 768 4001 sententiam,
796 3937 921 3990 diuturno
941 3940 1031 3990 statim
1047 3937 1150 3991 silentio
1174 3936 1297 3990 obrutam
1310 3940 1336 3988 et
1349 3934 1427 4004 quael

219 4041 414 4102 dormitantem,
434 4037 598 4104 Adelungius
617 4034 725 4088 tandem
745 4035 866 4101 inopere
887 4033 1052 4087 Mithridates
1069 4035 1195 4102 inscripto
1213 4035 1308 4085 lterum
1323 4031 1430 4086 fortuna

219 4137 325 4191 meliore
339 4137 464 4201 suscepit.
479 4132 516 4185 ef.
538 4130 642 4198 Benleq,
657 4128 942 4198 Sprcelzwr'ssensclrost,
959 4143 985 4198 p.
1001 4133 1059 4210 erl,
1075 4130 1109 4182 et'
1123 4131 1245 4192 baumer,
1264 4141 1290 4195 p.
1308 4129 1366 4179 rto.
1398 4149 1429 4166 ·-

218 4233 255 4285 De
269 4231 341 4283 Gotis
353 4226 577 4280 cherronensibus
600 4223 633 4278 cl.
648 4227 788 4290 praecipue
799 4225 828 4274 ll.
844 4224 870 4276 Ε.
891 4225 1053 4286 llassmanu,
1067 4221 1186 4274 Gottdico
1201 4223 1300 4272 llr'nciu
1316 4225 1342 4272 in
1356 4220 1426 4270 Zrz't·

218 4327 312 4396 schrift
334 4327 381 4394 sur
404 4321 536 4376 deotsobea
547 4318 704 4383 attactum,
721 4321 740 4382 l,
756 4321 870 4372 tlt-366
886 4323 912 4372 ct
925 4318 1095 4386 Tomascbek,
1115 4319 1161 4370 Dte
1179 4318 1259 4370 Galen
1281 4319 1307 4368 in
1324 4317 1430 4374 Taurica

220 4424 316 4490 (wien,
334 4393 449 4484 neraei,
467 4419 542 4479 (εει.
557 4415 651 4484 russo,

254 4521 290 4582 (3)
310 4519 380 4580 out..
396 4518 438 4580 Vl,
454 4517 575 4568 ltb'rltt,

255 4616 290 4692 tlt
309 4615 384 4682 lind,
400 4617 440 4680 Vl,
454 4627 515 4684 pars
531 4616 556 4676 l,
572 4625 597 4684 p.
614 4605 735 4672 eia-eat.
