3446 5452
860 591 1073 678 -140-

404 751 547 834 Namque
573 748 635 816 hoe
655 748 768 816 merito
794 747 960 832 inprimis
983 748 1218 828 animadvertit,
1241 767 1308 816 non
1325 751 1471 816 constare
1496 743 1585 816 inter

365 877 475 924 ornnes
491 861 528 922 de
543 861 717 924 multarum
729 876 846 923 vocum
861 860 1076 940 etymologia;
1104 859 1190 924 unde
1213 862 1277 935 ssat,
1302 861 1328 922 si
1355 864 1453 923 totam
1476 860 1521 923 ab
1546 876 1583 924 ea

362 987 428 1033 reru
442 968 580 1048 pendere
596 966 764 1040 concedas,
781 972 817 1028 ut
832 967 969 1046 quisque
984 967 1024 1030 ad
1039 968 1142 1030 varias
1166 985 1183 1028 a
1205 985 1237 1030 se
1258 974 1402 1048 receptas
1419 967 1582 1049 etymolo-

363 1078 430 1159 gias
452 1093 543 1138 suam
567 1075 726 1138 scribendi
748 1075 907 1137 rationem
935 1075 974 1137 sil
1001 1075 1152 1138 flexurus.
1177 1077 1256 1138 Tum
1278 1094 1353 1138 vero
1374 1093 1506 1138 necesse
1534 1077 1584 1136 est

364 1188 527 1249 mutentur
542 1183 648 1256 verba,
663 1183 818 1261 quoniam
840 1181 952 1262 lingua
976 1182 1046 1261 ipsa
1067 1184 1221 1246 continuo
1246 1189 1337 1248 motu
1360 1184 1477 1247 formas
1503 1199 1581 1244 suas

362 1293 506 1364 inflectit,
522 1309 582 1352 nec
597 1290 652 1351 diu
675 1295 803 1352 nranent
818 1290 974 1352 vocabula
990 1308 1066 1354 cum
1090 1292 1262 1366 radicibus,
1284 1293 1369 1355 rande
1392 1298 1462 1356 orta
1485 1295 1578 1362 sunt,

361 1399 582 1471 consonantia,
600 1397 706 1459 attrita
717 1414 778 1457 usu
791 1397 825 1456 in
840 1396 907 1457 dies
922 1414 1073 1458 sonorum
1090 1399 1363 1475 pronuntiatione.

405 1506 577 1568 llorhollus
614 1503 803 1585 gravissima
834 1502 878 1562 ibi
916 1502 1040 1584 colligit
1068 1509 1267 1582 argumenta,
1297 1506 1415 1583 quibus
1447 1503 1581 1584 quaevis

365 1612 612 1692 orthographiae
627 1611 707 1672 ratio
724 1587 850 1687 semper
872 1608 1048 1670 refellenda
1072 1610 1142 1682 erit,
1167 1628 1248 1689 quae
1272 1613 1340 1674 sola
1364 1612 1580 1692 etymologiae

367 1719 556 1781 auctoritate
571 1718 695 1788 nititur,
721 1720 763 1788 et,
789 1716 886 1776 allato
913 1715 1077 1778 Butschkii
1102 1718 1260 1795 exemplo,
1287 1718 1406 1796 optime
1429 1718 1581 1780 demons-

367 1830 429 1888 trat
451 1843 487 1886 eo
512 1823 606 1885 modo
628 1841 686 1902 pro
711 1823 840 1884 licentia
864 1838 973 1900 parem
998 1827 1123 1884 tantum
1148 1824 1264 1902 subjici
1292 1825 1465 1886 licentiam.
1498 1824 1578 1886 Cum

368 1932 535 2016 doemiitlrig
554 1951 611 2011 pro
634 1929 790 2012 demiitlrig
806 1930 997 1992 Butschkius
1021 1931 1061 1990 ob
1083 1948 1154 1992 eam
1170 1930 1269 1992 solam
1286 1950 1416 1993 causam
1438 1932 1581 1992 scriben-

368 2043 444 2104 dum
459 2059 526 2103 esse
542 2042 686 2115 affirmat,
704 2037 789 2117 quod
805 2036 1002 2115 adjectivum
1019 2036 1099 2098 illud
1122 2042 1259 2100 avetere
1276 2040 1438 2118 superiore
1454 2055 1577 2120 germa-

369 2151 442 2211 nica
456 2165 534 2210 voce
549 2145 693 2207 deonrnot
719 2145 760 2205 sil
781 2143 967 2216 oriundum,
993 2162 1060 2204 non
1088 2149 1134 2205 est
1156 2145 1298 2223 proiecto
1325 2151 1470 2207 curtam
1495 2148 1580 2207 recte

367 2255 574 2335 progrediens
599 2252 714 2330 pedem
740 2251 865 2323 referat,
893 2255 924 2310 et
949 2268 1022 2310 eum
1050 2269 1152 2330 aequo
1178 2253 1289 2313 saltem
1312 2254 1385 2332 Jure
1416 2271 1453 2314 eo
1477 2268 1579 2330 usque

367 2379 594 2442 processurum
610 2357 850 2430 existimaveris
873 2363 906 2418 ul
928 2360 1027 2418 totam
1044 2359 1131 2420 verbi
1158 2364 1280 2437 repetat
1304 2361 1529 2440 etymologiam
1550 2361 1580 2418 et

368 2471 511 2550 singulas
523 2468 677 2547 pristinae
694 2467 812 2526 formae
828 2465 954 2524 vocales
977 2465 1009 2524 in
1034 2465 1192 2543 integrum
1217 2466 1431 2528 restituendas
1453 2469 1579 2529 conten-

370 2579 424 2640 dat
438 2580 493 2653 (l).
518 2579 659 2652 Namque
672 2572 711 2635 ad
726 2572 769 2644 id,
786 2589 818 2632 re
833 2572 913 2632 bene
929 2571 1139 2647 considerata,
1157 2591 1211 2633 eos
1227 2572 1361 2634 evadere
1375 2590 1504 2634 necesse
1519 2575 1577 2642 est,

370 2688 438 2766 qui,
474 2683 690 2745 vetustissima
723 2680 891 2740 verborum
928 2679 1086 2739 elementa
1119 2683 1315 2753 revocantes,
1356 2680 1577 2759 primigeniam

371 2810 486 2854 vocum
507 2792 642 2850 formam
668 2786 884 2864 redintegrare
908 2803 940 2845 se
966 2784 1112 2858 credunt,
1138 2787 1266 2864 qualem
1287 2793 1397 2848 exacta
1422 2789 1578 2848 noverunt

370 2898 511 2970 saecula,
531 2895 641 2956 nullus
657 2898 762 2953 aulem
778 2892 992 2952 recentiorum
1007 2897 1187 2970 temporum
1210 2894 1306 2954 homo
1324 2898 1380 2955 aut
1401 2895 1576 2964 enuntiare,

369 3010 426 3066 aut
441 3001 662 3072 transcribere,
679 3003 734 3058 aut
747 2998 857 3058 saltem
875 2997 1052 3076 intelligere
1068 2999 1198 3059 valeret.
1519 2996 1522 3003 '

406 3113 475 3184 Quo
494 3115 603 3169 tamen
623 3104 791 3183 prosectu?
813 3106 853 3164 Ut
877 3108 1047 3181 usurpatas
1072 3106 1111 3165 ab
1137 3107 1286 3168 omnibus
1309 3127 1402 3169 voces
1427 3110 1576 3187 quasdam

368 3220 476 3280 deleas
494 3219 549 3276 aut
564 3213 714 3291 corrigas,
740 3228 818 3288 quas
842 3215 948 3270 tauren
975 3210 1183 3287 quotidianus
1207 3215 1363 3276 sermonis
1387 3235 1466 3276 usus
1491 3215 1577 3294 quasi

366 3322 576 3388 consecravit.
613 3319 775 3390 Quantum
809 3316 895 3375 enim
935 3315 1066 3376 interest
1101 3319 1224 3396 vulgari
1259 3319 1389 3397 eloquio
1420 3323 1579 3382 utentibus

367 3429 489 3492 Menscb
511 3446 529 3487 a
552 3424 647 3485 Monn
662 3423 811 3495 derivari,
835 3439 907 3482 curn
930 3439 1042 3482 omnes
1069 3421 1191 3484 Menscla
1214 3428 1423 3502 pronuntient
1445 3434 1476 3488 et
1499 3428 1577 3488 idern

368 3539 520 3608 scribant,
544 3550 602 3594 nec
628 3529 768 3603 sllaenscb,
794 3534 831 3589 ut
854 3529 906 3588 isti
931 3530 1055 3602 volunt,
1086 3531 1192 3591 inutili
1222 3534 1350 3612 linguae
1377 3535 1576 3596 distinctione

369 3645 454 3718 (nam
471 3640 596 3701 acutius
619 3638 672 3696 ille
688 3636 831 3713 prolecto
848 3634 984 3705 audiret,
1002 3636 1057 3713 qui
1079 3637 1162 3696 inter
1186 3657 1200 3697 e
1222 3644 1253 3699 et
1274 3659 1310 3711 rc,
1333 3643 1499 3702 enuntiato
1521 3643 1578 3702 hoc

369 3749 540 3819 vocabulo,
558 3745 730 3805 discrimen
744 3741 886 3814 l'aceretl,
914 3742 1021 3802 inutili
1037 3743 1116 3820 quin
1139 3745 1233 3806 etiam
1251 3749 1463 3826 etymologiae
1484 3754 1577 3827 (narn,

371 3871 502 3935 quoquo
527 3850 622 3912 modo
645 3851 779 3909 verbum
800 3847 1040 3921 transcribetur,
1059 3850 1146 3910 vocis
1170 3847 1290 3912 Memclr
1313 3855 1402 3932 origo
1424 3873 1490 3917 non
1512 3857 1578 3917 ideo

374 3963 481 4022 minus
497 3962 582 4019 certa
597 3955 773 4034 apparebit)
785 3955 799 4014 l
812 3955 855 4030 (⁶2)

411 4070 521 4145 Neque
538 4063 637 4141 inagis
653 4080 714 4123 usu
726 4059 891 4138 probanda
903 4066 1155 4138 consequuntur,
1171 4064 1225 4140 qni
1238 4081 1348 4125 omnes
1360 4084 1450 4138 ⁴more
1467 4068 1578 4129 usitato

374 4181 404 4236 et
421 4170 652 4235 consuetudine
667 4167 799 4228 traditas
810 4166 1056 4246 orthographiae
1070 4168 1188 4229 formas
1202 4172 1580 4253 summalimrejiciendas

1116 4385 1200 4394 —

408 4517 442 4578 (r)
463 4515 533 4574 nna,
550 4517 673 4565 iro-nr.

409 4611 445 4674 (n
464 4610 540 4674 roae,
557 4612 680 4663 raa-ma.
