3462 5452
723 652 908 730 ..15-

206 800 261 884 qui
277 801 429 878 maxime,
447 802 619 880 imbutum,
634 802 787 868 historiae
803 809 853 868 vel
864 805 1043 870 veterisvel
1060 805 1246 869 recentioris
1266 805 1419 887 peritum,

207 918 239 973 et
251 914 370 974 eximio
387 915 517 990 insuper
532 915 652 992 ingenii
667 915 816 974 acumine
832 932 967 992 raraque
978 915 1094 994 judicii
1109 916 1281 993 prudentia
1294 917 1423 994 praedi-

207 1026 290 1095 tum,
316 1022 356 1082 ad
382 1021 413 1082 id
428 1039 574 1099 unquam
594 1021 774 1082 dementiae
797 1040 864 1082 esse
887 1022 1015 1100 lapsum
1041 1027 1078 1083 ut
1097 1023 1315 1095 contenderet,
1340 1024 1424 1084 hanc

205 1130 312 1206 graeci
328 1129 459 1189 latiuive
470 1129 627 1188 sermonis
642 1129 790 1201 formam,
806 1147 887 1206 quae
902 1129 986 1206 apud
999 1130 1137 1207 optimos
1151 1135 1297 1190 auctores
1311 1148 1423 1190 occur-

206 1238 259 1310 rit,
277 1237 492 1316 agcrmanico
508 1237 558 1296 vel
578 1237 804 1313 antiquissimo
825 1253 893 1295 esse
917 1234 1135 1296 derivandam.
1158 1237 1226 1308 Quo
1245 1237 1333 1298 enim
1354 1241 1423 1297 ten-

207 1343 285 1402 dant
300 1347 331 1403 et
343 1343 506 1420 quomodo
521 1344 584 1402 sint
604 1340 813 1420 intelligenda
829 1360 910 1420 quae
926 1341 964 1402 de
986 1347 1100 1401 mutua
1120 1343 1268 1402 omnium
1287 1343 1424 1402 necessi-

206 1449 318 1510 tudine
333 1449 484 1528 disputet,
500 1451 577 1526 ipse,
593 1451 647 1509 ubi
663 1467 712 1509 res
727 1449 841 1527 poscit,
859 1448 1000 1508 dilucide
1011 1449 1141 1526 exponit
1157 1454 1188 1508 et
1203 1467 1331 1509 summa
1347 1467 1422 1509 cum

206 1555 375 1634 diligentia
389 1561 479 1616 notat
500 1557 559 1615 sibi
580 1556 671 1616 nullo
691 1554 788 1616 modo
810 1556 934 1614 venisse
953 1556 987 1614 in
1004 1561 1146 1628 menteu,
1165 1561 1202 1614 ut
1224 1557 1336 1616 ambos
1358 1573 1423 1615 ser-

205 1679 321 1722 mones
338 1680 403 1725 uno
429 1667 538 1722 tenore
561 1667 591 1723 et
615 1663 707 1739 quasi
726 1663 899 1722 acervatim
919 1680 937 1721 a
962 1662 1148 1739 germanico
1171 1662 1287 1723 ducere
1313 1663 1420 1722 vellet.

206 1771 337 1828 Fatetur
352 1774 462 1829 contra
478 1770 562 1829 ultro
575 1787 641 1841 eos,
663 1786 730 1828 non
755 1768 851 1828 modo
874 1769 978 1828 multo
998 1773 1171 1846 antequam
1194 1770 1317 1829 litterae
1337 1769 1426 1847 apud,

206 1877 344 1937 Graecos
357 1876 582 1953 Romanosque
599 1876 709 1936 llorere
725 1875 907 1952 coepissent,
923 1875 1061 1952 propriis
1077 1876 1198 1935 viribus
1218 1881 1249 1936 et
1266 1875 1421 1952 peculiari

208 1983 407 2043 incremento
424 1983 607 2053 invaluisse,
626 1982 680 2042 sed
696 1983 791 2042 etiam
807 1986 919 2059 postea
935 1983 1062 2060 saepius
1086 1982 1126 2042 ad
1142 1984 1245 2060 ipsam
1261 1984 1421 2061 germani-

207 2107 280 2150 cam
296 2089 441 2168 linguam
458 2088 638 2166 augendam
650 2093 680 2148 et
695 2087 920 2148 inflectendam
935 2090 1121 2161 contulisse,
1146 2090 1232 2168 quod
1248 2091 1419 2168 praecipue

205 2195 325 2256 latinae
339 2195 519 2273 contigerit,
536 2213 617 2272 quae
628 2195 793 2254 Germanis
809 2195 912 2257 multa
930 2195 1052 2255 dederit
1065 2197 1232 2268 vocabula,
1245 2197 1310 2257 sive
1325 2197 1422 2258 allata

206 2303 305 2362 simul
322 2303 355 2361 in
370 2303 574 2362 Germaniam
589 2303 765 2362 christiana
784 2303 950 2381 religione,
966 2304 1031 2362 sive
1048 2308 1175 2382 recepto
1191 2305 1230 2364 ab
1249 2305 1422 2382 Imperato-

206 2425 280 2468 rum
296 2409 531 2468 Germanorum
547 2409 746 2468 cancellariis
762 2409 891 2486 linguae
907 2410 1025 2470 latinae
1045 2428 1106 2469 usu
1127 2411 1180 2488 (1).

245 2515 356 2593 Igitur,
378 2532 453 2574 cum
469 2515 607 2576 affirmat
618 2532 767 2592 graecam
784 2516 982 2592 latinamque
997 2516 1124 2593 linguas
1145 2534 1184 2576 ex
1206 2521 1295 2592 parte
1316 2518 1360 2594 (l)
1382 2517 1420 2576 ad

207 2621 428 2699 germanicam
454 2620 612 2697 originem
638 2637 707 2680 esse
727 2620 920 2692 referendas,
940 2620 1022 2679 nibil
1047 2620 1135 2680 aliud
1161 2621 1330 2699 significat,
1356 2621 1418 2680 nisi

204 2727 383 2804 permultas
399 2726 566 2803 utriusque
581 2727 710 2804 linguae
726 2726 849 2786 radices
864 2744 939 2790 oum
954 2729 1146 2804 germanicis
1169 2729 1331 2788 radicibus
1346 2747 1420 2789 con·

204 2853 317 2914 gruere
335 2833 387 2913 (3),
403 2839 518 2894 cuncta
533 2852 622 2911 arque
638 2835 676 2894 ab
692 2832 804 2893 eodem
821 2834 954 2894 barbaro
979 2835 1066 2893 fonte
1087 2832 1257 2894 defluxisse
1278 2836 1331 2914 (t),
1344 2854 1414 2913 ger..-

205 2941 369 3002 manicam
385 2944 492 3000 autem
507 2940 653 3018 linguam
668 2940 833 3000 communi
857 2939 973 3017 origini
1001 2941 1185 3019 propiorem
1209 2944 1413 3015 remansisse,

205 3065 281 3106 cum
292 3063 406 3124 graeca
422 3045 595 3122 latinaque,
612 3046 741 3106 assiduo
758 3047 937 3106 litterarum
958 3047 1065 3107 studio
1087 3050 1233 3108 excultae
1256 3055 1287 3108 et
1308 3049 1420 3110 huma-

204 3153 304 3213 nitate
326 3151 512 3229 perpolitae,
538 3157 570 3211 at
594 3153 690 3212 simul
713 3152 870 3229 paulatim
885 3158 1040 3225 mutatae,
1058 3153 1254 3218 deformatae
1268 3161 1298 3216 et
1314 3157 1420 3216 inten-

203 3261 281 3320 dum
295 3259 484 3336 depravatae
494 3261 548 3334 (ὃ),
559 3277 616 3335 pro
626 3258 810 3336 junioribus
822 3261 1037 3332 sermonibus,
1049 3278 1124 3337 prae
1137 3262 1259 3340 integro
1272 3268 1303 3322 et
1316 3268 1420 3323 vetus·

204 3367 329 3429 tissima
346 3365 542 3444 germanico,
556 3365 619 3424 sint
634 3365 799 3426 habendae
812 3367 865 3443 (6).
886 3366 1034 3427 Ceterum
1052 3385 1116 3444 quo
1132 3367 1241 3428 redeat
1256 3387 1329 3428 vere
1352 3375 1428 3430 tota,

203 3475 274 3553 ejus
289 3473 476 3550 disputatio,
492 3472 558 3549 ipse
572 3471 721 3534 distincte
737 3472 868 3544 indicat,
886 3473 941 3533 ubi
957 3474 1111 3550 prImum,
1135 3477 1263 3536 omissis
1282 3477 1320 3536 iis
1336 3496 1427 3555 quae.

203 3577 394 3658 aprincipic
410 3579 507 3654 paulo
524 3577 679 3640 audacius
693 3580 915 3652 affirmaverat,
941 3580 980 3639 ad
1006 3580 1275 3643 documentorum
1296 3583 1419 3661 disqui-

204 3687 355 3751 sitionem
370 3683 493 3744 accedit
508 3689 539 3744 et
554 3702 603 3744 res
618 3685 849 3768 etymologicas
865 3687 1046 3748 tractandas
1058 3688 1240 3767 aggreditur
1253 3707 1259 3763 ;
1277 3707 1337 3751 nec
1350 3691 1419 3769 jam

205 3791 383 3872 quidquam
404 3790 581 3866 contendit,
602 3792 665 3852 uisi
680 3793 901 3871 germanicum
918 3811 1101 3856 sermonem
1118 3813 1232 3875 graeco
1253 3797 1419 3876 latinoque

238 4106 274 4180 (t)
295 4109 367 4176 Uul„
382 4115 423 4167 tl.

235 4205 272 4268 (rt
292 4204 366 4272 reru,
383 4212 406 4276 t,
423 4213 465 4268 aa,
483 4210 539 4268 ret.

237 4299 274 4364 (3)
291 4298 367 4366 Itan,
386 4307 476 4368 26-27,
492 4305 582 4359 aaut.

234 4397 270 4466 (t)
289 4394 365 4464 ibid,
388 4403 481 4464 abac,
493 4402 585 4466 tt-tt,
600 4401 690 4456 aaut.
707 4397 838 4458 ..arua
852 4398 1056 4474 repunctotro,
1070 4398 1424 4475 utinamutinam.

203 4495 334 4550 sententia
347 4496 378 4549 de
394 4497 486 4565 lingua
496 4497 624 4566 scythica.

236 4587 272 4661 id)
294 4591 363 4660 md
379 4591 471 4658 uris,
487 4591 528 4660 flflr

238 4682 515 4764 pertruantur.
