3462 5452
663 661 711 678 .-
735 618 776 694 31
810 663 854 676 ..

144 767 239 832 latini
255 770 379 832 classici
393 773 549 833 sermonis
563 773 668 834 sontes
682 778 712 833 et
726 774 966 834 vicissitudines
983 773 1192 834 subtilissime
1212 773 1358 852 inquirit,

143 879 298 956 pristinas
313 880 419 938 statim
432 880 541 939 ltaliae
569 881 695 958 linguas
720 881 753 938 in
780 898 837 940 sua
856 881 930 958 jura
943 881 1106 951 restituit;
1143 898 1238 958 quam
1255 881 1361 940 variae

141 986 212 1062 jain
228 986 267 1044 ab
283 986 515 1063 antiquissimis
531 987 727 1064 temporibus
741 986 862 1046 luerint
878 992 1032 1048 memorat
1043 992 1074 1047 et
1088 989 1207 1047 latinae
1222 989 1274 1048 vix
1289 1006 1363 1047 nas·

144 1093 232 1151 centi
246 1110 339 1152 suum
356 1093 439 1152 inter
452 1098 572 1152 ceteras
588 1093 694 1153 locum
710 1093 862 1170 assignat.

186 1199 268 1256 Ante
284 1198 392 1256 omnia
407 1198 493 1257 enim
510 1201 692 1270 monet,eos
706 1199 913 1259 vehementer
936 1217 1052 1273 errare,
1079 1201 1133 1278 qui
1150 1200 1282 1260 credant
1304 1200 1364 1259 lin-

146 1323 245 1382 guam
261 1305 391 1364 latinam
404 1305 454 1363 vel
470 1304 508 1364 ab
526 1304 616 1364 initio
632 1305 745 1378 solam,
762 1306 811 1364 vel
825 1306 961 1383 primam
978 1307 1090 1366 saltem
1115 1308 1148 1366 in
1163 1307 1254 1366 ltalia
1269 1324 1362 1366 usur-

146 1413 254 1487 patam
285 1426 363 1481 esse,
385 1425 458 1467 cum
484 1408 661 1467 nonnullae
686 1408 812 1467 italicae
839 1408 983 1468 civitates
1008 1411 1199 1486 antiquitate
1228 1412 1361 1470 Rontam

148 1517 245 1592 longe
266 1517 416 1591 superent
431 1516 486 1590 tl),
511 1513 704 1590 complures,
729 1515 829 1573 multo
852 1519 925 1574 ante
950 1515 1111 1574 conditam
1135 1515 1279 1588 Romam,
1304 1532 1362 1574 suo

145 1623 219 1700 Jure
239 1621 365 1700 jamdiu
382 1621 518 1680 vixerint
539 1620 663 1697 populi,
686 1624 721 1680 ut
744 1620 827 1693 Osci,
847 1621 947 1694 Volci,
964 1623 1088 1681 Etrusci
1111 1622 1231 1698 aliique
1257 1622 1361 1694 multi,

147 1733 179 1787 et
192 1727 271 1787 varii
297 1726 382 1804 apud
397 1744 451 1785 eos
467 1726 611 1803 usurpati
639 1726 702 1786 sint
727 1744 889 1786 sermones
904 1729 970 1803 (⁹2);
993 1727 1078 1786 unde
1099 1727 1236 1804 intelligi
1261 1727 1363 1804 possit

147 1835 210 1894 hoc
239 1833 364 1894 dicendi
395 1851 507 1911 genus,
537 1833 635 1910 quod,
663 1833 780 1893 Romae
811 1834 951 1910 primum
980 1839 1158 1911 acceptum,
1186 1834 1302 1894 deinde
1328 1834 1362 1892 in

148 1940 398 2001 excultissimam
418 1946 446 1999 et
472 1921 710 1999 celeberrimam
735 1940 824 1999 illam
851 1941 994 2017 linguam
1015 1941 1146 2000 latinam
1171 1957 1362 2000 conversum

148 2048 200 2121 sit,
216 2048 329 2125 priscis
345 2047 542 2125 temporibus
564 2046 646 2105 nibil
664 2046 752 2105 aliud
772 2047 882 2120 luisse,
895 2047 956 2105 nisi
979 2065 1079 2106 unum
1096 2065 1111 2106 e
1133 2046 1265 2106 diversis
1283 2046 1362 2106 Latii

149 2155 265 2214 veteris
290 2154 501 2225 sermonibus
528 2153 651 2224 ceteris,
673 2152 759 2229 quod
784 2152 823 2212 ad
846 2152 1013 2212 exordium
1041 2153 1228 2231 lentumque
1260 2155 1363 2215 incre-

149 2265 295 2320 mentum
321 2263 451 2337 spectet,
476 2260 564 2319 ouini
593 2263 744 2337 exparte
773 2259 1027 2319 assimulandum
1054 2265 1084 2319 et
1109 2283 1123 2313 α
1153 2260 1208 2319 diu
1237 2260 1360 2338 exiguis

149 2367 267 2426 tinibus
283 2367 367 2426 circa
382 2367 513 2425 Romam
542 2366 606 2426 fere
632 2371 662 2425 et
677 2366 778 2424 inlero
794 2366 905 2425 Tibero
921 2365 1059 2424 finitima
1074 2369 1258 2425 contentum
1275 2388 1289 2420 »
1308 2367 1360 2444 (3).

188 2478 253 2534 Nec
267 2472 522 2534 obliviscendum
540 2474 671 2550 insuper
683 2472 924 2549 antiquissimae
940 2473 1058 2532 latinae
1078 2472 1207 2549 linguae
1229 2472 1361 2532 omnino

151 2581 339 2640 dissimilem
355 2597 519 2640 aromana
544 2603 558 2634 ι(
575 2581 700 2638 vultum
718 2601 732 2632 »
758 2579 868 2651 fuisse,
894 2578 992 2637 immo
1018 2577 1136 2637 Rornae
1162 2577 1258 2636 etiam
1288 2577 1363 2638 bina

151 2705 276 2765 semper
290 2688 446 2748 exstitisse
460 2687 555 2746 simul
571 2686 692 2762 eloquii
703 2703 829 2764 genera,
844 2685 1006 2762 plebeium
1023 2686 1147 2745 scilicet
1160 2690 1191 2745 et
1204 2686 1363 2746 urbanum

151 2800 206 2855 aut
221 2796 396 2867 excultum,
413 2799 455 2865 et,
473 2793 605 2852 ssorente
621 2793 807 2869 Republica,
827 2793 853 2850 si
875 2792 1057 2869 exemplum
1084 2793 1194 2852 afferre
1211 2793 1296 2866 licet,
1313 2793 1364 2852 Ci-

151 2902 277 2962 ceronis
292 2900 419 2961 dicendi
435 2918 536 2978 genus
553 2923 568 2954 a
583 2917 600 2958 a
616 2899 806 2958 lanistarum
825 2902 857 2958 et
877 2898 1034 2975 pistorum
1054 2915 1200 2958 sermone
1223 2921 1250 2972 ›>,
1276 2899 1363 2976 quod

151 3008 190 3068 ad
205 3007 475 3078 terminationem,
493 3005 709 3078 inflexionem,
720 3004 998 3082 significationem,
1012 3006 1296 3078 constructionem,
1311 3023 1364 3066 ac-

152 3118 281 3175 centum
297 3118 465 3191 spectaret,
482 3113 614 3173 omnino
629 3113 852 3185 abhorruisse3
871 3129 935 3188 quo
949 3112 1067 3171 lactum
1084 3112 1135 3185 sit,
1157 3117 1192 3171 ut
1212 3111 1273 3189 ipsi
1294 3114 1363 3173 oul-

151 3223 248 3283 tiores
263 3221 397 3282 Romani
417 3221 512 3280 atiani
526 3221 559 3280 in
575 3219 749 3297 loquendo,
766 3219 862 3278 aliam
877 3219 911 3280 in
926 3217 1111 3278 disserendo
1126 3223 1181 3278 aut
1193 3219 1362 3279 scribendo

153 3329 308 3390 sermonis
323 3329 461 3406 speciem
478 3327 667 3388 adhiberent
681 3331 712 3386 et
726 3325 914 3403 quotidiano
939 3325 1023 3386 vitae
1048 3326 1239 3386 commercio
1262 3327 1364 3386 multa

152 3454 225 3497 cum
241 3436 367 3513 plebeio
394 3452 552 3508 sermone,
576 3434 655 3511 quin
679 3433 774 3494 ctiam
800 3450 872 3493 cum
898 3433 1047 3492 omnibus
1068 3432 1185 3492 italicis
1206 3432 1362 3506 dialectis,

153 3543 347 3616 communia,
363 3543 552 3602 necessitate
566 3546 710 3620 cogente,
724 3541 878 3620 paulatim
900 3542 1081 3618 acceperint
1103 3545 1134 3600 et
1148 3541 1362 3602 litteratorum

153 3649 321 3712 hominurn
336 3649 475 3709 sermoni
492 3649 727 3708 immiscuerint
738 3651 792 3726 (l).

191 3759 311 3837 Exque
326 3773 437 3818 rursus
448 3760 555 3835 pateat
565 3755 845 3833 (quodllorhofius
857 3753 976 3833 ubique
989 3753 1158 3835 diligenter
1167 3755 1364 3818 animadver-

153 3867 211 3946 tit),
227 3865 390 3945 plebeium
401 3869 431 3926 et
446 3865 601 3926 rusticum
615 3863 772 3944 cujusque
784 3862 887 3942 gentis
901 3880 1092 3940 sermonem,
1111 3866 1237 3927 tametsi
1258 3866 1362 3928 aviris

155 3974 254 4038 doctis
269 3976 460 4054 plerumque
474 3974 710 4054 neglegatur'ct
729 3975 880 4052 tanquam
896 3970 984 4033 rudis
1000 3973 1204 4054 incultusque
1220 3981 1363 4037 contem·

154 4088 257 4161 natur,
274 4099 307 4145 re
324 4099 398 4145 vera
414 4083 518 4146 solum
540 4099 608 4145 esse
625 4081 793 4162 antiquum
807 4083 837 4142 et
850 4065 1021 4144 urbaniori
1037 4081 1085 4145 illi
1103 4086 1208 4146 ortum
1224 4082 1361 4165 dedisse,

153 4256 189 4277 1,.
387 4260 390 4262 .
496 4253 499 4260 .
551 4258 556 4273 ⁵
615 4260 617 4262 .
968 4259 1355 4280 :crannum-mann..-

186 4360 223 4423 (ι)
242 4365 312 4426 ont„
329 4368 420 4416 rc-rr.

187 4461 222 4528 (a)
239 4459 317 4522 ma,
331 4463 422 4524 aa-aa,
439 4465 480 4526 aa,
495 4455 587 4528 tati,
603 4468 631 4516 ar
645 4469 651 4530 ι
665 4458 699 4518 tie
712 4466 769 4519 rat.
786 4456 854 4530 te..
871 4458 994 4526 aaa-tu.

186 4560 223 4620 a)
241 4559 345 4614 uerae.
364 4559 431 4626 aa,
448 4563 505 4614 sss

188 4657 222 4748 Sl)
240 4657 309 4728 Uni„
323 4661 410 4716 lidda
