3446 5452
148 811 243 893 qued
266 814 393 876 subibat
422 832 458 876 eo
485 817 627 893 tempore
650 814 762 894 lingua
788 813 970 875 discrimen.
1001 815 1099 875 Tanto
1126 813 1224 885 enim,
1250 813 1366 894 inquit,

147 923 263 986 studio
280 923 450 985 mutandae
466 924 696 985 vocabulorum
714 925 834 985 forulae
847 924 996 984 nonnulli
1014 924 1123 1001 paucis
1138 924 1255 986 abhinc
1275 925 1366 986 annis

147 1031 289 1103 fervent,
307 1036 341 1092 ut
357 1032 500 1093 obsoleta
526 1032 682 1110 quaedam
707 1037 737 1092 et
756 1032 926 1110 depravata
950 1033 1102 1093 exstiterit
1128 1033 1366 1112 orthographia,

148 1156 218 1216 qua
246 1157 296 1198 «a
326 1157 359 1199 se
384 1139 453 1215 ipsa
482 1138 641 1216 discrepet
670 1140 793 1217 lingua,
823 1139 1014 1216 qubusdam
1041 1141 1239 1200 ratiunculas
1258 1141 1367 1201 nescio

147 1263 233 1323 quas
248 1251 337 1306 tanta
353 1245 553 1324 indulgentia
566 1246 846 1322 amplectentibus,
859 1249 894 1306 nt
908 1264 989 1323 quae
1006 1247 1143 1307 scribant
1159 1264 1194 1307 ex
1212 1247 1275 1306 alio
1292 1248 1366 1307 orbe

148 1353 287 1414 advecta
302 1353 471 1414 videantur
488 1379 501 1408 »
517 1353 572 1433 (1).

190 1461 250 1521 lllo
272 1466 377 1522 autem
398 1465 551 1539 tempore,
577 1460 663 1520 haud
688 1478 779 1521 secus
804 1465 899 1538 atque
923 1461 1031 1533 hodie,
1058 1462 1139 1522 duae
1163 1462 1365 1541 potissimum

149 1568 306 1640 rationes,
335 1587 352 1629 e
376 1567 633 1629 discordantibus
660 1569 826 1628 sententiis
853 1567 1043 1641 delineatae,
1071 1570 1190 1647 primas
1217 1569 1369 1630 tenebant

148 1679 269 1753 partes,
284 1675 368 1734 inter
382 1693 414 1735 se
430 1678 654 1753 repugnantes.

191 1783 308 1843 Alteris
344 1782 429 1842 enim
471 1781 509 1841 eb
550 1781 747 1860 etymologia
791 1781 924 1840 omnino
966 1780 1105 1860 pendere
1140 1781 1368 1860 orthographia

150 1889 336 1963 videbatur;
363 1890 397 1949 in
419 1905 515 1967 quam
537 1889 739 1960 sententiam,
773 1887 798 1946 si
831 1905 935 1964 pauca
956 1888 1109 1964 excipias
1136 1905 1213 1965 prae
1241 1889 1366 1960 ceteris,

146 1997 396 2056 Harsdoerllerus
412 1999 443 2056 et
459 1996 551 2074 juxta
575 2012 649 2054 eum
675 1998 778 2054 totum
795 1994 1058 2071 Pegnesiensium
1075 1993 1364 2071 Pastorum'pecus

151 2103 325 2180 cunctique
341 2101 616 2181 Norimhergensis
632 2100 770 2162 Scholae
786 2102 929 2178 gregales
949 2100 1194 2174 concurrebant,
1213 2119 1250 2161 eo
1266 2119 1369 2178 usque

150 2209 219 2287 ipsa
235 2208 480 2287 argumentandi
500 2209 623 2268 ratione
639 2207 776 2268 libenter
796 2208 966 2286 progressi,
992 2212 1029 2268 ut
1055 2209 1230 2285 superioris
1245 2226 1369 2287 germa-

150 2315 214 2376 nici
229 2315 386 2375 sermonis
401 2314 587 2374 recentioris
603 2314 827 2374 auctoritatem
842 2318 1029 2390 respuerent
1044 2318 1075 2374 et
1090 2315 1128 2374 ab
1144 2315 1368 2391 antiquissima

150 2421 281 2500 linguae
293 2420 493 2498 germanicae
510 2420 615 2497 specie
627 2420 827 2479 intermissas
844 2421 1050 2497 exoletasque
1062 2420 1233 2480 verborum
1250 2422 1367 2482 formas

152 2530 333 2605 repeterent
347 2531 443 2604 atque
458 2526 492 2585 in
507 2543 601 2586 usum
615 2543 764 2586 revocare
778 2545 844 2587 non
860 2526 1045 2587 dubitarent
1060 2526 1112 2605 (2).

91 2684 95 2692 .
191 2635 256 2694 Nec
270 2634 338 2693 sine
353 2633 462 2711 aliquo
475 2633 559 2711 jure,
575 2633 600 2692 si
616 2633 745 2710 linguae
758 2633 1096 2693 tontestautummodo
1112 2637 1235 2712 spectes
1252 2653 1258 2708 3
1275 2635 1368 2695 nulla

155 2728 241 2802 enim
261 2740 479 2802 commodiore
504 2740 599 2800 simul
621 2744 652 2800 et
667 2740 800 2800 rectiore
816 2738 961 2799 doctrina
976 2739 1010 2798 in
1032 2758 1133 2800 unum
1147 2745 1177 2800 et
1193 2741 1367 2802 cohaerens

154 2865 271 2925 corpus
290 2847 444 2907 coarctari
467 2850 498 2906 et
516 2846 677 2924 praefiniri
692 2863 782 2922 posse
801 2845 929 2905 videtur
949 2845 1071 2923 lingua,
1096 2865 1194 2924 quam
1220 2848 1245 2906 si
1269 2864 1365 2907 unam

153 2954 319 3015 admiseris
331 2954 364 3013 in
379 2952 628 3013 transcribendis
639 2951 805 3012 vocabulis
820 2953 975 3030 regulam,
989 2970 1106 3031 nempe
1122 2954 1363 3032 et.ymologiam;

154 3066 195 3134 et,
224 3059 368 3120 adhibita
392 3060 461 3136 ejus
485 3059 686 3131 auctoritate,
714 3058 866 3118 facillime
890 3057 994 3135 primo
1021 3059 1174 3137 adspectu
1194 3061 1366 3123 credideris

152 3165 282 3245 purgari
298 3165 393 3225 verba
412 3165 576 3225 inutilium
597 3165 774 3225 litterarum
791 3165 950 3242 congerie,
975 3184 1054 3243 quas
1075 3167 1227 3244 temporis
1242 3173 1366 3246 praete-

151 3273 204 3332 riti
220 3271 401 3350 ignorantia
416 3276 472 3331 aut
485 3289 572 3331 error
587 3271 677 3348 quasi
694 3271 837 3331 certatim
854 3271 1020 3330 exstruxit.
1033 3272 1118 3331 Nihil
1134 3290 1208 3332 vero
1224 3274 1364 3347 inaniuS,

153 3383 193 3452 et,
212 3380 237 3438 si
254 3378 293 3437 ad
309 3379 354 3438 rei
371 3395 464 3438 usum
482 3378 751 3438 attrectationem
772 3376 939 3454 procedas,
951 3378 1098 3438 fallacius
1120 3383 1216 3457 atque
1238 3381 1365 3440 incons-

152 3486 283 3557 tantius,
301 3489 335 3544 ul
351 3483 522 3544 Morhollus
538 3483 624 3543 haud
640 3501 732 3561 aegre
749 3482 955 3543 demonstrat.

1108 3679 1358 3690 ——-—.

184 3807 219 3870 (l)
240 3807 310 3867 Uet,
324 3809 382 3857 lid.
401 3831 429 3843 -
447 3807 493 3856 llis
506 3803 648 3856 Morhotlus
660 3807 803 3870 praecipue
821 3807 963 3871 impugnat
992 3806 1111 3871 Plempli,
1126 3808 1206 3857 caesii
1222 3811 1248 3859 et
1272 3806 1363 3857 Belllnl

150 3899 355 3966 orthographica
367 3901 479 3960 somnia,
493 3912 606 3965 quorum
618 3912 680 3950 mox
691 3899 774 3950 tostus
786 3902 883 3951 mentio
896 3904 937 3952 est
951 3900 1070 3952 faciende
1081 3900 1125 3961 (cl.
1142 3902 1212 3963 Uet,
1225 3904 1284 3963 lu,
1304 3905 1362 3964 til,

151 3997 219 4057 aaa).

182 4091 219 4154 (a)
239 4088 284 4140 Cl.
320 4088 501 4140 llarsdoertteri
522 4088 654 4154 specimen
675 4089 834 4154 philologiae
857 4091 1024 4140 Germanicae
1047 4091 1258 4157 (Norimbergee‚
1283 4094 1363 4153 ltlt,

150 4182 248 4246 in-32),
264 4184 336 4247 Disq.
349 4183 380 4239 ll,
396 4197 421 4246 p.
440 4186 486 4233 207
499 4196 559 4247 sqq.
572 4209 597 4219 -
613 4183 705 4247 Specie
718 4183 824 4248 quidem
843 4183 886 4236 ille
899 4184 1045 4236 concedere
1060 4184 1163 4237 videtur
1178 4185 1211 4236 ad
1230 4189 1364 4235 consueto-

151 4277 236 4327 dr'nem
261 4276 478 4342 orthographiam
494 4290 552 4328 esse
573 4277 800 4328 conformandam.
815 4281 848 4330 m
866 4279 989 4345 quaetlla
1004 4281 1207 4346 sitvoomuetudo
1226 4280 1296 4331 haud
1317 4295 1366 4346 per

152 4372 281 4436 ambages
294 4371 410 4422 declarat
424 4371 576 4436 nullamque
588 4373 635 4422 nisi
647 4373 808 4422 eruditorem
817 4374 1036 4426 consuetudinem
1045 4378 1176 4441 agnoscit,
1189 4391 1300 4442 quorum
1315 4376 1365 4428 hoe

150 4478 208 4516 ease
229 4479 362 4516 summum
378 4479 476 4515 munus
491 4470 589 4525 censet,
605 4470 634 4517 ut
656 4467 774 4518 nitantur
788 4484 801 4514 a
815 4467 895 4534 vulgo
911 4469 1076 4521 indoctorum
1092 4474 1191 4522 rectam
1212 4473 1364 4538 scriptionis

148 4573 267 4610 normam
280 4559 439 4624 persuadere
452 4577 465 4606 r
481 4557 568 4626 (Dlsq.
582 4563 613 4620 ll,
631 4577 657 4626 p.
670 4565 736 4623 2⁰63
756 4561 790 4613 ct.
806 4563 878 4628 Dlsq.
893 4564 913 4625 l,
924 4577 950 4630 p.
965 4563 1015 4631 13).
1026 4591 1055 4602 -
1072 4564 1110 4616 hd
1125 4566 1210 4618 simile
1224 4565 1359 4633 quoddam

150 4654 222 4706 cadit
236 4656 293 4720 ipsa
307 4656 332 4706 J.
349 4655 467 4704 Grlmmti
482 4653 687 4721 orthographica
702 4657 779 4709 ratio.
