3446 5452
663 622 877 701 -lla-

155 774 248 840 beret
269 784 301 839 et
314 775 407 856 juxta
425 773 623 839 eruditorum
650 778 776 840 decreta
802 779 999 850 informaret,
1025 776 1099 840 usui
1119 775 1376 857 sernper-omnia

156 886 320 962 pervicaci
341 886 449 946 animo
474 885 651 964 negavisse,
670 902 730 945 nec
745 886 906 945 tantulum
934 886 1061 963 quidem
1094 887 1132 946 ab
1154 904 1192 946 ea
1217 887 1375 964 opinione

157 991 355 1061 discessisse,
376 991 494 1070 agitata
511 991 567 1051 diu
588 1008 663 1051 cum
683 989 842 1052 Guendtio
863 991 901 1051 de
920 1008 952 1051 re
968 990 1255 1068 controversiali).

195 1098 326 1158 Minime
339 1103 446 1158 tamen
461 1099 495 1156 in
512 1114 624 1158 eorum
643 1115 779 1158 numero
795 1097 999 1175 reponendus
1025 1102 1073 1157 est
1101 1096 1285 1170 MorhofiuS,
1302 1095 1376 1173 qui,

155 1222 240 1264 vana
255 1205 482 1282 superstitione
493 1204 621 1275 imbuti,
633 1202 894 1282 orthographiam
911 1205 1002 1281 quasi
1018 1205 1154 1264 inertem
1164 1203 1377 1264 immobilem-

157 1329 220 1388 que
235 1310 424 1371 servandam
436 1328 503 1370 esse
518 1315 702 1382 censerent;
727 1311 827 1370 immo
838 1311 1000 1370 neminem
1017 1311 1172 1382 invenias,
1188 1311 1243 1387 qui
1273 1309 1377 1370 liben-

155 1417 220 1476 tius
234 1418 383 1490 fateatur,
399 1417 553 1478 continuo
567 1416 697 1495 linguae
712 1434 875 1494 processu,
888 1417 923 1474 in
933 1415 1001 1476 dies
1016 1417 1100 1476 inter
1113 1415 1374 1494 orthographiam

156 1529 188 1584 et
202 1525 545 1585 usitatam-verborum
557 1523 856 1601 pronuntiationem
866 1524 984 1582 sensim
1001 1523 1143 1600 quidem,
1161 1521 1216 1583 sed
1234 1539 1379 1584 necessa·

156 1631 204 1690 rio
220 1635 252 1690 et
263 1635 416 1708 perpetuo
428 1647 569 1691 erescere
584 1629 893 1702 dissimilitudinem,
910 1630 1069 1690 nonnulla
1088 1631 1185 1708 igitur
1213 1630 1375 1692 interdum

158 1753 228 1796 esse
243 1736 418 1812 prudenter
433 1734 597 1807 mutanda,
615 1736 641 1794 si
660 1727 758 1795 modo
774 1736 853 1795 velis
869 1736 952 1796 inter
968 1740 1139 1813 utramque
1151 1737 1271 1814 justam
1294 1737 1377 1796 tueri

159 1841 388 1914 eoncordiam3
414 1846 444 1902 et
470 1841 660 1919 hujusmodi
684 1842 877 1901 mutationes
900 1859 967 1901 non
997 1841 1091 1901 modo
1114 1841 1218 1900 licitas
1232 1846 1262 1901 et
1283 1841 1378 1902 inno-

160 1965 248 2020 cuas,
276 1946 332 2007 sed
358 1947 456 2008 etiam
476 1947 672 2029 necessarias¹
686 1952 717 2007 et
745 1949 840 2007 utiles
859 1965 939 2018 esse,
961 1947 1040 2008 dum
1067 1965 1122 2008 eae
1151 1949 1229 2007 raris
1251 1952 1377 2008 tautum
1406 1965 1407 1969 ’

160 2054 339 2114 intervallis
362 2057 457 2130 atque
469 2053 637 2113 observata
654 2071 778 2130 semper
792 2053 1009 2114 moderatione
1023 2053 1246 2125 adhibeantur,
1261 2058 1298 2114 ut
1309 2055 1378 2131 ipse

160 2161 210 2220 his
221 2161 324 2220 cautis
340 2160 443 2220 verbis
461 2164 568 2220 utonet
585 2178 591 2219 :
611 2183 625 2215 ι(
638 2161 719 2220 Ahar
734 2178 768 2220 es
782 2178 871 2220 muss
890 2161 960 2220 eine
989 2161 1090 2221 Maass
1106 2161 1197 2222 darin
1211 2163 1291 2235 sein,
1309 2162 1375 2222 und

161 2267 289 2328 allezait
301 2267 352 2327 ein
361 2267 448 2344 Auge
464 2266 532 2326 auli
544 2265 606 2326 den
621 2266 789 2344 gemeinen
804 2267 970 2327 Gabrauch
986 2267 1142 2345 geriehtet
1157 2267 1286 2328 werden
1301 2269 1376 2343 »ffli-

201 2375 316 2452 Magno
339 2391 410 2432 eum
433 2373 591 2450 proiectu,
606 2379 642 2433 ut
665 2374 847 2450 exemplum
874 2375 1034 2446 ass'eratur,
1059 2375 1195 2434 nonulla
1217 2375 1374 2435 vocabula

162 2499 260 2544 onere
282 2480 498 2558 quarumdam
524 2481 703 2540 litterarum
728 2481 832 2540 levare
847 2481 963 2557 possis,
980 2497 1062 2556 quae
1084 2485 1140 2540 ant
1161 2498 1260 2557 pravo
1284 2499 1390 2559 more

162 2588 324 2671 admissae
353 2591 519 2659 sunt,aut,
543 2586 757 2664 etymologiae
784 2587 908 2664 legibus
937 2590 1090 2658 servatae,
1121 2604 1375 2663 supervacaneae

161 2700 270 2760 tamen
282 2695 395 2772 procul
411 2693 510 2754 dubio
525 2692 691 2753 habendae
708 2697 794 2765 sunt,
811 2710 883 2752 cum
895 2692 1018 2753 nullius
1032 2711 1086 2753 ore
1099 2692 1312 2770 proferantur.
1330 2695 1375 2756 lta

161 2807 218 2875 est,
235 2819 311 2880 prae
326 2801 452 2873 ceteris,
470 2799 508 2860 de
524 2800 630 2860 littera
645 2799 675 2871 t,
688 2817 770 2876 quae
784 2817 850 2859 non
879 2799 983 2859 solum
1000 2800 1034 2860 iu
1059 2800 1234 2860 multorum
1262 2802 1376 2861 verbo-

161 2927 231 2970 rum
246 2908 426 2986 prolatione
447 2906 577 2968 minime
595 2909 697 2978 sonat,
709 2905 763 2966 sed
777 2906 963 2983 saepissime
979 2905 1019 2966 ob
1036 2924 1106 2967 eam
1120 2907 1222 2967 solam
1234 2923 1295 2968 nee
1310 2926 1377 2968 uon

160 3016 274 3078 falsam
287 3031 418 3075 causam
432 3013 593 3092 adjicitur,
611 3013 698 3090 quod
715 3013 777 3074 hoc
802 3013 1000 3074 incremento
1016 3013 1214 3092 significetur
1235 3016 1375 3076 anterio-

162 3140 228 3184 rem
243 3120 385 3182 vooalem
400 3121 529 3197 longam
545 3136 615 3180 esse
630 3120 686 3195 (3).

130 3295 134 3302 ,
200 3229 332 3289 Constat
346 3226 476 3304 quidem
491 3225 529 3286 de
551 3226 612 3286 hae
633 3225 821 3303 quaestione
836 3243 902 3285 non
929 3228 993 3286 tam
1009 3226 1103 3288 facile
1130 3245 1240 3288 revera
1255 3226 1376 3307 dijudi-

163 3336 228 3398 cari
242 3352 348 3413 posse,
362 3351 460 3411 quam
476 3333 629 3393 llorhofio
645 3332 788 3405 videtur;
805 3333 860 3410 qui
877 3334 992 3394 saltem.
1006 3336 1127 3412 optimo
1141 3337 1214 3414 jure
1235 3337 1270 3396 in
1284 3337 1377 3397 vitio-

164 3460 230 3504 sam
253 3441 416 3502 invehitur
435 3439 714 3512 consuetudinem,
730 3458 793 3517 qua
811 3444 859 3500 tot
885 3457 1052 3517 perperam
1077 3442 1236 3502 arcessitis
1264 3445 1377 3505 litteris

160 3546 352 3628 jamdudum
368 3548 509 3608 scatebat
519 3547 758 3625 orthographia,
785 3565 878 3608 voces
901 3548 1166 3624 deformantibus,
1187 3553 1379 3629 scripturam

163 3655 388 3719 intricautibus
399 3659 430 3714 et
441 3653 480 3714 ad
493 3653 526 3714 id
538 3657 662 3714 tantum
689 3653 824 3726 idoneis,
842 3658 878 3714 ut
898 3655 1065 3715 obscurior
1079 3657 1168 3716 lleret
1195 3663 1378 3720 controver-

164 3765 211 3826 sia
221 3781 258 3825 ac
273 3762 444 3835 difficilior,
457 3761 483 3822 si
499 3776 562 3838 qua
577 3764 763 3833 tentaretur,
778 3760 960 3822 emendatio
976 3780 982 3836 ;
1013 3779 1079 3821 non
1106 3763 1216 3823 insons
1233 3767 1377 3842 prolecto

165 3871 199 3933 in
224 3869 287 3931 hoc
313 3869 392 3948 ipse,
409 3886 481 3930 cum
510 3871 680 3947 praecepto
709 3867 810 3946 magis
832 3855 929 3945 quam
955 3868 1038 3930 facto
1063 3868 1119 3929 illa
1146 3869 1292 3932 docuerit
1318 3891 1378 3934 uec

164 3978 332 4060 pauciore-s
345 3976 378 4038 iu
394 3992 490 4055 opera
503 3993 572 4048 sua,
588 3989 684 4055 quam
696 3975 857 4054 aequales,
872 3975 993 4036 litteras
1005 3973 1025 4037 h
1040 3975 1229 4055 profuderit.

204 4087 272 4154 iloc
287 4082 417 4148 taudem
441 4082 570 4165 liuguae
590 4082 766 4164 pessimum
792 4081 929 4145 atterunt
944 4080 1171 4146 detrimentum
1189 4082 1253 4148 isti
1269 4100 1380 4153 rerum
1421 4137 1426 4148 .

169 4301 428 4327 ‚,‚‚,„„„„‚„„„
507 4305 562 4322 „,..
586 4304 841 4326 „,„„„„‚„,„„„„„,
860 4305 1081 4325 ,...ΠΜΗΠΜ
1108 4308 1148 4326 ἱ,

198 4453 233 4524 (t)
252 4450 363 4520 tratre,
380 4455 504 4512 art-aot.

199 4553 235 4625 (r)
256 4553 326 4620 aar..
344 4549 403 4610 m.

202 4652 235 4726 a>
254 4641 330 4724 tarta,
347 4645 405 4712 uo
