3462 5452
195 1229 241 1276 DE
269 1227 487 1280 GERMANICAE
513 1230 735 1280 PHILOLOGIAE
762 1232 958 1284 PROGRESSU
986 1235 1063 1284 INDE
1088 1235 1110 1285 A
1137 1235 1336 1285 SCHOTTELIO

548 1382 658 1443 USQUE
685 1384 729 1434 AD
755 1384 974 1438 MORHOFIUM.

198 1928 328 2008 Optime
345 1927 476 2005 quidem
490 1943 525 1987 ac
546 1927 644 2005 probe
662 1944 680 1986 a
702 1926 854 1990 Morhofio
869 1926 906 1988 de
923 1932 1121 1990 antecessore
1139 1930 1304 2009 judicatur
1317 1932 1370 2008 (t),

156 2054 217 2096 nec
230 2042 351 2106 tamen,
367 2035 421 2095 ubi
433 2034 487 2094 iile
500 2034 608 2112 lapsus
625 2040 682 2107 est,
698 2039 775 2093 nota
787 2033 839 2094 hie
854 2036 1003 2108 abstinet,
1020 2037 1111 2096 nulio
1127 2037 1223 2098 modo
1240 2039 1372 2098 acerbus

160 2145 215 2206 sed
227 2147 341 2204 firmus
357 2145 390 2203 in
404 2142 560 2204 sententia
577 2140 630 2221 (ἢ).
649 2144 685 2201 Et
699 2142 941 2220 proiectodum
953 2145 1038 2204 tento
1055 2144 1109 2204 sed
1126 2147 1279 2206 continuo
1299 2165 1373 2224 pro-

159 2257 259 2314 ventu
279 2251 514 2312 maturescebat
530 2251 564 2309 in
583 2249 752 2310 Germania
778 2268 828 2309 ars
852 2253 1073 2329 grammatica,
1098 2252 1160 2313 fuit
1182 2254 1370 2326 Schottelio,

158 2365 229 2421 tum
245 2376 321 2418 cum
350 2357 492 2429 decebat,
523 2357 705 2434 legitimum
725 2355 821 2415 decus
838 2374 874 2416 ac
897 2359 984 2435 justa
1013 2362 1043 2418 et
1065 2359 1216 2418 omnibus
1239 2361 1373 2437 probata

74 2537 77 2547 Ι
159 2466 346 2535 auctoritas,
364 2482 461 2542 quem
483 2481 579 2540 opera
606 2481 663 2523 suo
685 2463 813 2522 assiduo
828 2465 931 2541 magis
953 2465 1060 2524 labore
1086 2483 1182 2542 quam
1214 2466 1327 2527 audaci
1343 2473 1374 2528 et

160 2571 271 2632 subtili
299 2569 422 2649 judicio
438 2569 577 2646 insignia
597 2573 686 2648 grato
715 2587 752 2629 ac
778 2571 857 2630 benc
881 2573 1018 2631 memori
1036 2573 1178 2632 virorum
1205 2573 1373 2635 doctorum

160 2679 270 2740 animo
286 2679 319 2736 in
333 2679 524 2753 perpetuum
536 2675 774 2735 commendant.
912 2739 915 2744 ,

200 2787 237 2845 At
256 2786 296 2857 ei,
308 2784 362 2861 qui
379 2782 505 2860 scriptis
521 2783 598 2854 soie,
615 2782 728 2860 procul
753 2781 862 2854 dubio,
880 2781 974 2860 longe
1003 2789 1141 2862 praestat
1158 2789 1375 2863 grammaticis

162 2895 253 2954 sexto
270 2890 395 2950 decimo
411 2889 539 2948 sacculo
565 2892 595 2948 et
609 2889 722 2966 primis
739 2889 830 2948 aniiis
855 2890 982 2966 septimi
1012 2890 1128 2950 decimi
1151 2895 1270 2953 saeculi
1286 2897 1375 2967 ortis

159 2999 287 3070 accidit,
302 2997 434 3056 adverso
444 3013 531 3067 casu,
547 2998 583 3055 ut
598 2995 729 3067 librum,
746 2997 856 3072 inquo
873 2998 1014 3074 congesti
1027 3002 1116 3058 erant
1131 3017 1242 3060 omnes
1260 3002 1375 3080 longae

160 3115 191 3170 et
205 3123 358 3184 operosae
372 3105 454 3163 vitae
469 3102 603 3173 fructus,
622 3102 654 3160 in
668 3120 704 3162 eo
721 3103 790 3178 ipso
800 3103 952 3179 temporis
968 3105 1104 3165 articulo
1120 3106 1285 3182 proferret,
1298 3126 1372 3169 cum

161 3231 261 3294 prope
277 3212 408 3272 aderant
419 3209 537 3270 summi
550 3209 704 3269 momenti
721 3226 827 3286 opera,
839 3209 956 3286 quibus
970 3216 1176 3271 renovaretur
1191 3214 1375 3291 linguarum

166 3321 300 3382 scientia
326 3322 356 3378 et
378 3318 416 3377 ab
432 3318 555 3394 integro
571 3320 751 3376 mutaretur
774 3315 930 3393 quidquid
948 3320 1040 3376 antea
1061 3317 1099 3376 de
1123 3319 1241 3396 linguis
1257 3338 1378 3397 germa-

164 3428 246 3489 nicis
262 3425 482 3486 existimatum
498 3426 528 3482 et
542 3425 696 3481 statutum
710 3421 832 3481 suisset.
1125 3499 1129 3506 Ι

203 3536 239 3596 In
262 3551 300 3592 eo
318 3531 404 3590 enim
419 3529 527 3588 minus
543 3528 717 3588 instructus
731 3528 924 3588 Schottelius
940 3534 1016 3601 erat,
1034 3530 1118 3606 quod
1141 3532 1168 3591 ei
1188 3534 1285 3609 gotici
1314 3553 1378 3594 ser-

166 3637 387 3703 monisomnis
405 3637 469 3696 iere
484 3635 599 3694 notitia
612 3633 728 3694 deerat.
746 3634 806 3705 Qui
820 3652 894 3694 sane
909 3635 994 3694 haud
1004 3637 1132 3712 segnius
1146 3639 1254 3698 omnia
1270 3639 1379 3702 dehac

167 3751 277 3827 lingua
289 3750 362 3805 ante
379 3745 412 3803 in
427 3743 542 3820 vulgus
561 3741 645 3801 edita
659 3741 855 3818 inspexerat3
886 3740 940 3800 sed
954 3759 1057 3819 pauca
1079 3747 1205 3803 tantum
1220 3764 1280 3805 nec
1295 3753 1380 3807 certa

168 3855 243 3915 satis
259 3855 385 3932 praesto
401 3853 492 3908 erant
510 3866 515 3906 :
534 3865 615 3924 quae
630 3850 813 3906 narraverat
828 3847 1031 3923 Busbequius
1048 3847 1086 3906 de
1098 3849 1185 3908 Gotis
1202 3850 1234 3909 in
1248 3853 1380 3914 Taurica

169 3961 389 4022 Chersonneso
401 3953 622 4014 habitantibus
646 3951 852 4029 edideratque
867 3952 1053 4022 Vulcanius,
1070 3971 1150 4029 quae
1166 3955 1237 4016 ioca
1252 3975 1381 4038 excerp-

167 4075 273 4130 serant
287 4066 406 4143 absque
427 4061 551 4141 judicio
568 4065 598 4120 et
612 4058 765 4118 methodo
781 4063 876 4135 atque
897 4059 1078 4118 inconsulte
1098 4061 1330 4142 aliquantisper
1343 4087 1381 4128 ex

212 4359 222 4404 t
258 4356 328 4414 dnn,
344 4357 402 4405 457.

199 4354 240 4514 ((2))
261 4448 339 4508 reid„
362 4450 420 4507 427,
444 4449 492 4497 ΗΒ
508 4450 533 4497 et
553 4445 721 4509 Polyhistorn,
742 4445 770 4494 Τ.
789 4445 809 4503 1,
824 4441 879 4492 Lib.
898 4456 922 4491 iv
942 4454 1001 4506 cap.
1019 4444 1042 4501 t.
1059 4441 1073 4504 ἓ
1088 4444 1113 4491 7.
1131 4467 1160 4477 -
1181 4441 1245 4489 Cum
1265 4437 1382 4490 Morboiii

178 4543 280 4610 judicio
301 4542 379 4608 piane
399 4543 521 4606 congruit
535 4539 605 4606 quod
627 4539 742 4591 Jacobus
756 4540 852 4590 (irimm
874 4537 906 4588 de
922 4536 1062 4588 Schottetio
1076 4535 1148 4596 dicit,
1171 4533 1342 4596 Grommotr'tr,
1365 4537 1383 4596 1,

176 4641 211 4701 (t.
226 4639 289 4700 cd),
300 4651 327 4705 p.
339 4637 443 4690 LXXtV.
