<?xml version="1.0" encoding="UTF-8"?>
<!DOCTYPE html PUBLIC "-//W3C//DTD XHTML 1.0 Transitional//EN"
    "http://www.w3.org/TR/xhtml1/DTD/xhtml1-transitional.dtd">
<html xmlns="http://www.w3.org/1999/xhtml" xml:lang="en" lang="en">
 <head>
  <title>
</title>
<meta http-equiv="Content-Type" content="text/html;charset=utf-8" />
  <meta name='ocr-system' content='tesseract 3.04.00' />
  <meta name='ocr-capabilities' content='ocr_page ocr_carea ocr_par ocr_line ocrx_word'/>
</head>
<body>
  <div class='ocr_page' id='page_1' title='image "./dedgmorhofiolei00fcgoog_0179.png"; bbox 0 0 3446 5452; ppageno 0'>
   <div class='ocr_carea' id='block_1_1' title="bbox 850 647 1065 724">
    <p class='ocr_par' dir='ltr' id='par_1_1' title="bbox 850 647 1065 724">
     <span class='ocr_line' id='line_1_1' title="bbox 850 647 1065 724; baseline 0.005 -1"><span class='ocrx_word' id='word_1_1' title='bbox 850 647 1065 724; x_wconf 81' lang='lat'>-160-</span> 
     </span>
    </p>
   </div>
   <div class='ocr_carea' id='block_1_2' title="bbox 343 787 1567 2366">
    <p class='ocr_par' dir='ltr' id='par_1_2' title="bbox 344 787 1567 1727">
     <span class='ocr_line' id='line_1_2' title="bbox 388 787 1567 879; baseline -0.007 -20"><span class='ocrx_word' id='word_1_2' title='bbox 388 795 506 859; x_wconf 86' lang='lat' dir='ltr'>Eadem</span> <span class='ocrx_word' id='word_1_3' title='bbox 530 797 672 878; x_wconf 88' lang='lat' dir='ltr'>prolecto</span> <span class='ocrx_word' id='word_1_4' title='bbox 691 797 729 860; x_wconf 93' lang='lat' dir='ltr'>de</span> <span class='ocrx_word' id='word_1_5' title='bbox 753 800 944 879; x_wconf 84' lang='lat' dir='ltr'>colligendis</span> <span class='ocrx_word' id='word_1_6' title='bbox 973 800 1134 861; x_wconf 85' lang='lat' dir='ltr'>veteribus</span> <span class='ocrx_word' id='word_1_7' title='bbox 1158 793 1404 874; x_wconf 81' lang='lat' dir='ltr'><strong>vernaculisque</strong></span> <span class='ocrx_word' id='word_1_8' title='bbox 1429 787 1567 856; x_wconf 87' lang='lat' dir='ltr'>vocibus</span> 
     </span>
     <span class='ocr_line' id='line_1_3' title="bbox 348 904 1564 968; baseline -0.006 -3"><span class='ocrx_word' id='word_1_9' title='bbox 348 906 632 967; x_wconf 89' lang='lat' dir='ltr'>sentitLeihnitius</span> <span class='ocrx_word' id='word_1_10' title='bbox 660 910 691 965; x_wconf 92' lang='lat' dir='ltr'>et</span> <span class='ocrx_word' id='word_1_11' title='bbox 705 907 787 966; x_wconf 89' lang='lat' dir='ltr'>inter</span> <span class='ocrx_word' id='word_1_12' title='bbox 799 907 887 967; x_wconf 89' lang='lat' dir='ltr'>varia</span> <span class='ocrx_word' id='word_1_13' title='bbox 917 907 1122 966; x_wconf 86' lang='lat' dir='ltr'>diversorum</span> <span class='ocrx_word' id='word_1_14' title='bbox 1147 907 1323 966; x_wconf 84' lang='lat' dir='ltr'>lexicorum</span> <span class='ocrx_word' id='word_1_15' title='bbox 1353 904 1564 968; x_wconf 86' lang='lat' dir='ltr'>lineamenta,</span> 
     </span>
     <span class='ocr_line' id='line_1_4' title="bbox 348 1009 1566 1093; baseline -0.007 -21"><span class='ocrx_word' id='word_1_16' title='bbox 348 1029 429 1090; x_wconf 90' lang='lat' dir='ltr'>quae</span> <span class='ocrx_word' id='word_1_17' title='bbox 446 1012 478 1072; x_wconf 90' lang='lat' dir='ltr'>in</span> <span class='ocrx_word' id='word_1_18' title='bbox 493 1012 650 1090; x_wconf 91' lang='lat' dir='ltr'>opusculo</span> <span class='ocrx_word' id='word_1_19' title='bbox 666 1009 928 1093; x_wconf 74' lang='lat' dir='ltr'>Unvorqrcislicltc</span> <span class='ocrx_word' id='word_1_20' title='bbox 940 1010 1103 1073; x_wconf 80' lang='lat' dir='ltr'>Gedanten</span> <span class='ocrx_word' id='word_1_21' title='bbox 1115 1010 1277 1083; x_wconf 79' lang='lat' dir='ltr'>describit,</span> <span class='ocrx_word' id='word_1_22' title='bbox 1293 1009 1410 1071; x_wconf 88' lang='lat' dir='ltr'>veteris</span> <span class='ocrx_word' id='word_1_23' title='bbox 1432 1009 1566 1085; x_wconf 82' lang='lat' dir='ltr'>linguae</span> 
     </span>
     <span class='ocr_line' id='line_1_5' title="bbox 347 1116 1565 1197; baseline -0.003 -21"><span class='ocrx_word' id='word_1_24' title='bbox 347 1116 623 1196; x_wconf 90' lang='lat' dir='ltr'>dialectorumqne</span> <span class='ocrx_word' id='word_1_25' title='bbox 637 1118 835 1178; x_wconf 85' lang='lat' dir='ltr'>Glossarium</span> <span class='ocrx_word' id='word_1_26' title='bbox 855 1120 1067 1196; x_wconf 73' lang='lat' dir='ltr'>(Spracquell)</span> <span class='ocrx_word' id='word_1_27' title='bbox 1083 1119 1197 1180; x_wconf 88' lang='lat' dir='ltr'>conlici</span> <span class='ocrx_word' id='word_1_28' title='bbox 1208 1121 1296 1197; x_wconf 94' lang='lat' dir='ltr'>optat</span> <span class='ocrx_word' id='word_1_29' title='bbox 1311 1116 1353 1196; x_wconf 85' lang='lat'>(1)</span> <span class='ocrx_word' id='word_1_30' title='bbox 1368 1135 1374 1189; x_wconf 94' lang='lat'>;</span> <span class='ocrx_word' id='word_1_31' title='bbox 1394 1119 1426 1175; x_wconf 89' lang='lat' dir='ltr'>at</span> <span class='ocrx_word' id='word_1_32' title='bbox 1441 1117 1565 1192; x_wconf 91' lang='lat' dir='ltr'>quanto</span> 
     </span>
     <span class='ocr_line' id='line_1_6' title="bbox 346 1221 1565 1304; baseline -0.002 -22"><span class='ocrx_word' id='word_1_33' title='bbox 346 1224 420 1283; x_wconf 90' lang='lat' dir='ltr'>usui</span> <span class='ocrx_word' id='word_1_34' title='bbox 436 1223 630 1284; x_wconf 86' lang='lat' dir='ltr'>luturumsit</span> <span class='ocrx_word' id='word_1_35' title='bbox 646 1223 746 1301; x_wconf 87' lang='lat' dir='ltr'>hujus</span> <span class='ocrx_word' id='word_1_36' title='bbox 768 1225 894 1302; x_wconf 90' lang='lat' dir='ltr'>generis</span> <span class='ocrx_word' id='word_1_37' title='bbox 909 1243 989 1302; x_wconf 91' lang='lat' dir='ltr'>opus</span> <span class='ocrx_word' id='word_1_38' title='bbox 1003 1225 1042 1286; x_wconf 93' lang='lat' dir='ltr'>ad</span> <span class='ocrx_word' id='word_1_39' title='bbox 1058 1225 1239 1304; x_wconf 90' lang='lat' dir='ltr'>augendam</span> <span class='ocrx_word' id='word_1_40' title='bbox 1254 1229 1285 1284; x_wconf 90' lang='lat' dir='ltr'>et</span> <span class='ocrx_word' id='word_1_41' title='bbox 1305 1222 1485 1284; x_wconf 91' lang='lat' dir='ltr'>ornandam</span> <span class='ocrx_word' id='word_1_42' title='bbox 1501 1221 1565 1280; x_wconf 88' lang='lat' dir='ltr'>lin-</span> 
     </span>
     <span class='ocr_line' id='line_1_7' title="bbox 346 1326 1565 1411; baseline -0.002 -22"><span class='ocrx_word' id='word_1_43' title='bbox 346 1347 443 1408; x_wconf 83' lang='lat' dir='ltr'>guam</span> <span class='ocrx_word' id='word_1_44' title='bbox 461 1347 526 1390; x_wconf 92' lang='lat' dir='ltr'>uon</span> <span class='ocrx_word' id='word_1_45' title='bbox 542 1334 607 1389; x_wconf 91' lang='lat' dir='ltr'>tam</span> <span class='ocrx_word' id='word_1_46' title='bbox 623 1330 741 1404; x_wconf 88' lang='lat' dir='ltr'>lucide,</span> <span class='ocrx_word' id='word_1_47' title='bbox 760 1348 858 1407; x_wconf 91' lang='lat' dir='ltr'>quam</span> <span class='ocrx_word' id='word_1_48' title='bbox 874 1330 1056 1403; x_wconf 78' lang='lat' dir='ltr'>Motholius,</span> <span class='ocrx_word' id='word_1_49' title='bbox 1084 1331 1262 1411; x_wconf 87' lang='lat' dir='ltr'>intelligere</span> <span class='ocrx_word' id='word_1_50' title='bbox 1290 1328 1428 1400; x_wconf 90' lang='lat' dir='ltr'>videtur,</span> <span class='ocrx_word' id='word_1_51' title='bbox 1446 1331 1478 1388; x_wconf 90' lang='lat' dir='ltr'>et</span> <span class='ocrx_word' id='word_1_52' title='bbox 1500 1326 1565 1386; x_wconf 89' lang='lat' dir='ltr'>hoc</span> 
     </span>
     <span class='ocr_line' id='line_1_8' title="bbox 345 1434 1565 1515; baseline -0.004 -19"><span class='ocrx_word' id='word_1_53' title='bbox 345 1437 508 1513; x_wconf 90' lang='lat' dir='ltr'>potiusob</span> <span class='ocrx_word' id='word_1_54' title='bbox 535 1455 606 1497; x_wconf 91' lang='lat' dir='ltr'>eam</span> <span class='ocrx_word' id='word_1_55' title='bbox 622 1454 753 1498; x_wconf 88' lang='lat' dir='ltr'>causam</span> <span class='ocrx_word' id='word_1_56' title='bbox 783 1438 1019 1499; x_wconf 82' lang='lat' dir='ltr'>conficiendum</span> <span class='ocrx_word' id='word_1_57' title='bbox 1042 1437 1164 1510; x_wconf 80' lang='lat' dir='ltr'>suadet,</span> <span class='ocrx_word' id='word_1_58' title='bbox 1190 1436 1276 1515; x_wconf 93' lang='lat' dir='ltr'>quod</span> <span class='ocrx_word' id='word_1_59' title='bbox 1303 1435 1342 1496; x_wconf 93' lang='lat' dir='ltr'>ad</span> <span class='ocrx_word' id='word_1_60' title='bbox 1374 1434 1565 1512; x_wconf 85' lang='lat' dir='ltr'>diligentem</span> 
     </span>
     <span class='ocr_line' id='line_1_9' title="bbox 346 1538 1565 1622; baseline -0.004 -20"><span class='ocrx_word' id='word_1_61' title='bbox 346 1543 475 1621; x_wconf 84' lang='lat' dir='ltr'>linguae</span> <span class='ocrx_word' id='word_1_62' title='bbox 502 1544 802 1622; x_wconf 88' lang='lat' dir='ltr'>pervestigationem</span> <span class='ocrx_word' id='word_1_63' title='bbox 834 1549 943 1604; x_wconf 87' lang='lat' dir='ltr'>exacta</span> <span class='ocrx_word' id='word_1_64' title='bbox 964 1546 1078 1605; x_wconf 82' lang='lat' dir='ltr'>irarum</span> <span class='ocrx_word' id='word_1_65' title='bbox 1101 1561 1215 1604; x_wconf 92' lang='lat' dir='ltr'>vocum</span> <span class='ocrx_word' id='word_1_66' title='bbox 1241 1542 1356 1602; x_wconf 91' lang='lat' dir='ltr'>notitia</span> <span class='ocrx_word' id='word_1_67' title='bbox 1379 1538 1565 1600; x_wconf 87' lang='lat' dir='ltr'>necessario</span> 
     </span>
     <span class='ocr_line' id='line_1_10' title="bbox 344 1650 573 1727; baseline -0.004 -17"><span class='ocrx_word' id='word_1_68' title='bbox 344 1650 503 1727; x_wconf 81' lang='lat' dir='ltr'>pertineat</span> <span class='ocrx_word' id='word_1_69' title='bbox 516 1652 573 1725; x_wconf 66' lang='grc' dir='ltr'>(Ξ).</span> 
     </span>
    </p>

    <p class='ocr_par' dir='ltr' id='par_1_3' title="bbox 343 1749 1567 2366">
     <span class='ocr_line' id='line_1_11' title="bbox 385 1749 1565 1836; baseline -0.008 -19"><span class='ocrx_word' id='word_1_70' title='bbox 385 1757 533 1817; x_wconf 89' lang='lat' dir='ltr'>Ceterum</span> <span class='ocrx_word' id='word_1_71' title='bbox 547 1756 632 1817; x_wconf 90' lang='lat' dir='ltr'>haud</span> <span class='ocrx_word' id='word_1_72' title='bbox 649 1757 741 1816; x_wconf 89' lang='lat' dir='ltr'>aliter</span> <span class='ocrx_word' id='word_1_73' title='bbox 754 1759 858 1818; x_wconf 86' lang='lat' dir='ltr'>visum</span> <span class='ocrx_word' id='word_1_74' title='bbox 873 1763 940 1818; x_wconf 87' lang='lat' dir='ltr'>erat</span> <span class='ocrx_word' id='word_1_75' title='bbox 945 1756 1070 1836; x_wconf 90' lang='lat' dir='ltr'>jamdiu</span> <span class='ocrx_word' id='word_1_76' title='bbox 1084 1756 1194 1818; x_wconf 88' lang='lat' dir='ltr'>multis</span> <span class='ocrx_word' id='word_1_77' title='bbox 1207 1755 1306 1834; x_wconf 90' lang='lat' dir='ltr'>hujus</span> <span class='ocrx_word' id='word_1_78' title='bbox 1322 1752 1443 1814; x_wconf 92' lang='lat' dir='ltr'>saeculi</span> <span class='ocrx_word' id='word_1_79' title='bbox 1461 1749 1565 1811; x_wconf 88' lang='lat' dir='ltr'>doctis</span> 
     </span>
     <span class='ocr_line' id='line_1_12' title="bbox 346 1858 1566 1941; baseline -0.006 -19"><span class='ocrx_word' id='word_1_80' title='bbox 346 1863 657 1941; x_wconf 83' lang='lat' dir='ltr'>circumspectisque</span> <span class='ocrx_word' id='word_1_81' title='bbox 679 1865 767 1937; x_wconf 90' lang='lat' dir='ltr'>viris,</span> <span class='ocrx_word' id='word_1_82' title='bbox 783 1869 813 1924; x_wconf 90' lang='lat' dir='ltr'>et</span> <span class='ocrx_word' id='word_1_83' title='bbox 834 1881 909 1941; x_wconf 88' lang='lat' dir='ltr'>prae</span> <span class='ocrx_word' id='word_1_84' title='bbox 938 1864 1062 1937; x_wconf 86' lang='lat' dir='ltr'>ceteris,</span> <span class='ocrx_word' id='word_1_85' title='bbox 1085 1862 1262 1924; x_wconf 90' lang='lat' dir='ltr'>Schottelio</span> <span class='ocrx_word' id='word_1_86' title='bbox 1278 1862 1323 1937; x_wconf 91' lang='lat'>(3)</span> <span class='ocrx_word' id='word_1_87' title='bbox 1347 1864 1443 1936; x_wconf 91' lang='lat' dir='ltr'>atque</span> <span class='ocrx_word' id='word_1_88' title='bbox 1470 1858 1566 1917; x_wconf 88' lang='lat' dir='ltr'>Hars-</span> 
     </span>
     <span class='ocr_line' id='line_1_13' title="bbox 345 1965 1567 2048; baseline -0.004 -21"><span class='ocrx_word' id='word_1_89' title='bbox 345 1968 492 2028; x_wconf 85' lang='lat' dir='ltr'>doerllero</span> <span class='ocrx_word' id='word_1_90' title='bbox 507 1972 561 2047; x_wconf 75' lang='lat' dir='ltr'>(l).</span> <span class='ocrx_word' id='word_1_91' title='bbox 578 1968 663 2040; x_wconf 90' lang='lat' dir='ltr'>Quos</span> <span class='ocrx_word' id='word_1_92' title='bbox 680 1987 745 2029; x_wconf 93' lang='lat' dir='ltr'>non</span> <span class='ocrx_word' id='word_1_93' title='bbox 761 1970 903 2048; x_wconf 86' lang='lat' dir='ltr'>fugiebat</span> <span class='ocrx_word' id='word_1_94' title='bbox 919 1970 1062 2048; x_wconf 84' lang='lat' dir='ltr'>linguam</span> <span class='ocrx_word' id='word_1_95' title='bbox 1075 1969 1249 2047; x_wconf 88' lang='lat' dir='ltr'>inquirenti</span> <span class='ocrx_word' id='word_1_96' title='bbox 1264 1972 1295 2028; x_wconf 92' lang='lat' dir='ltr'>et</span> <span class='ocrx_word' id='word_1_97' title='bbox 1308 1969 1341 2026; x_wconf 93' lang='lat' dir='ltr'>in</span> <span class='ocrx_word' id='word_1_98' title='bbox 1355 1965 1476 2026; x_wconf 87' lang='lat' dir='ltr'>melius</span> <span class='ocrx_word' id='word_1_99' title='bbox 1492 1982 1567 2024; x_wconf 91' lang='lat' dir='ltr'>con-</span> 
     </span>
     <span class='ocr_line' id='line_1_14' title="bbox 344 2069 1563 2153; baseline -0.005 -20"><span class='ocrx_word' id='word_1_100' title='bbox 344 2080 465 2135; x_wconf 88' lang='lat' dir='ltr'>vertere</span> <span class='ocrx_word' id='word_1_101' title='bbox 492 2075 633 2136; x_wconf 88' lang='lat' dir='ltr'>studenti</span> <span class='ocrx_word' id='word_1_102' title='bbox 661 2077 868 2153; x_wconf 89' lang='lat' dir='ltr'>potissimum</span> <span class='ocrx_word' id='word_1_103' title='bbox 894 2076 998 2153; x_wconf 88' lang='lat' dir='ltr'>operis</span> <span class='ocrx_word' id='word_1_104' title='bbox 1028 2080 1058 2135; x_wconf 91' lang='lat' dir='ltr'>et</span> <span class='ocrx_word' id='word_1_105' title='bbox 1086 2074 1301 2152; x_wconf 88' lang='lat' dir='ltr'>indagationis</span> <span class='ocrx_word' id='word_1_106' title='bbox 1325 2069 1563 2149; x_wconf 85' lang='lat' dir='ltr'>supellectilem</span> 
     </span>
     <span class='ocr_line' id='line_1_15' title="bbox 344 2178 1566 2261; baseline -0.007 -19"><span class='ocrx_word' id='word_1_107' title='bbox 344 2182 453 2243; x_wconf 87' lang='lat' dir='ltr'>deesse</span> <span class='ocrx_word' id='word_1_108' title='bbox 469 2187 499 2243; x_wconf 87' lang='lat' dir='ltr'>et</span> <span class='ocrx_word' id='word_1_109' title='bbox 519 2183 664 2260; x_wconf 92' lang='lat' dir='ltr'>alioquin</span> <span class='ocrx_word' id='word_1_110' title='bbox 687 2183 774 2241; x_wconf 93' lang='lat' dir='ltr'>hunc</span> <span class='ocrx_word' id='word_1_111' title='bbox 790 2183 934 2243; x_wconf 90' lang='lat' dir='ltr'>laborem</span> <span class='ocrx_word' id='word_1_112' title='bbox 949 2183 1135 2261; x_wconf 89' lang='lat' dir='ltr'>praesertim</span> <span class='ocrx_word' id='word_1_113' title='bbox 1149 2199 1261 2260; x_wconf 87' lang='lat' dir='ltr'>urgere</span> <span class='ocrx_word' id='word_1_114' title='bbox 1285 2185 1316 2239; x_wconf 90' lang='lat' dir='ltr'>et</span> <span class='ocrx_word' id='word_1_115' title='bbox 1338 2178 1480 2238; x_wconf 85' lang='lat' dir='ltr'>maxime</span> <span class='ocrx_word' id='word_1_116' title='bbox 1494 2193 1566 2253; x_wconf 92' lang='lat' dir='ltr'>pro-</span> 
     </span>
     <span class='ocr_line' id='line_1_16' title="bbox 343 2282 1565 2366; baseline -0.003 -17"><span class='ocrx_word' id='word_1_117' title='bbox 343 2289 505 2349; x_wconf 83' lang='lat' dir='ltr'>iecturum</span> <span class='ocrx_word' id='word_1_118' title='bbox 527 2306 606 2359; x_wconf 88' lang='lat' dir='ltr'>esse,</span> <span class='ocrx_word' id='word_1_119' title='bbox 624 2306 688 2365; x_wconf 89' lang='lat' dir='ltr'>quo</span> <span class='ocrx_word' id='word_1_120' title='bbox 711 2288 926 2366; x_wconf 82' lang='lat' dir='ltr'>colligeretur,</span> <span class='ocrx_word' id='word_1_121' title='bbox 953 2288 1140 2366; x_wconf 86' lang='lat' dir='ltr'>seligeretur</span> <span class='ocrx_word' id='word_1_122' title='bbox 1163 2292 1194 2346; x_wconf 92' lang='lat' dir='ltr'>et</span> <span class='ocrx_word' id='word_1_123' title='bbox 1219 2287 1252 2346; x_wconf 90' lang='lat' dir='ltr'>in</span> <span class='ocrx_word' id='word_1_124' title='bbox 1266 2285 1413 2346; x_wconf 90' lang='lat' dir='ltr'>ordinem</span> <span class='ocrx_word' id='word_1_125' title='bbox 1442 2282 1565 2362; x_wconf 86' lang='lat' dir='ltr'>redige·</span> 
     </span>
    </p>
   </div>
   <div class='ocr_carea' id='block_1_3' title="bbox 257 2392 1562 2471">
    <p class='ocr_par' dir='ltr' id='par_1_4' title="bbox 257 2392 1562 2471">
     <span class='ocr_line' id='line_1_17' title="bbox 257 2392 1562 2471; baseline -0.001 -17"><span class='ocrx_word' id='word_1_126' title='bbox 257 2409 260 2413; x_wconf 87' lang='grc'><em>·</em></span> <span class='ocrx_word' id='word_1_127' title='bbox 343 2399 431 2455; x_wconf 89' lang='lat' dir='ltr'>retur</span> <span class='ocrx_word' id='word_1_128' title='bbox 455 2393 614 2471; x_wconf 92' lang='lat' dir='ltr'>quidquid</span> <span class='ocrx_word' id='word_1_129' title='bbox 635 2393 820 2453; x_wconf 90' lang='lat' dir='ltr'>divitiarum</span> <span class='ocrx_word' id='word_1_130' title='bbox 842 2394 1054 2470; x_wconf 88' lang='lat' dir='ltr'>peculiarium</span> <span class='ocrx_word' id='word_1_131' title='bbox 1076 2394 1206 2471; x_wconf 87' lang='lat' dir='ltr'>linguae</span> <span class='ocrx_word' id='word_1_132' title='bbox 1227 2392 1329 2453; x_wconf 82' lang='lat' dir='ltr'>fundo</span> <span class='ocrx_word' id='word_1_133' title='bbox 1359 2392 1562 2453; x_wconf 90' lang='lat' dir='ltr'>adhaereret.</span> 
     </span>
    </p>
   </div>
   <div class='ocr_carea' id='block_1_4' title="bbox 262 2499 1564 3636">
    <p class='ocr_par' dir='ltr' id='par_1_5' title="bbox 262 2499 1564 3636">
     <span class='ocr_line' id='line_1_18' title="bbox 383 2499 1564 2578; baseline -0.002 -16"><span class='ocrx_word' id='word_1_134' title='bbox 383 2501 553 2562; x_wconf 88' lang='lat' dir='ltr'>Communi</span> <span class='ocrx_word' id='word_1_135' title='bbox 579 2500 677 2578; x_wconf 86' lang='lat' dir='ltr'>igitur</span> <span class='ocrx_word' id='word_1_136' title='bbox 703 2499 848 2576; x_wconf 91' lang='lat' dir='ltr'>opinioni</span> <span class='ocrx_word' id='word_1_137' title='bbox 872 2517 936 2558; x_wconf 92' lang='lat' dir='ltr'>non</span> <span class='ocrx_word' id='word_1_138' title='bbox 952 2499 1060 2558; x_wconf 91' lang='lat' dir='ltr'>minus</span> <span class='ocrx_word' id='word_1_139' title='bbox 1083 2517 1178 2576; x_wconf 90' lang='lat' dir='ltr'>quam</span> <span class='ocrx_word' id='word_1_140' title='bbox 1201 2499 1349 2577; x_wconf 91' lang='lat' dir='ltr'>propriae</span> <span class='ocrx_word' id='word_1_141' title='bbox 1370 2499 1564 2576; x_wconf 88' lang='lat' dir='ltr'>prudentiae</span> 
     </span>
     <span class='ocr_line' id='line_1_19' title="bbox 342 2603 1564 2685; baseline 0 -19"><span class='ocrx_word' id='word_1_142' title='bbox 342 2611 432 2685; x_wconf 88' lang='lat' dir='ltr'>paret</span> <span class='ocrx_word' id='word_1_143' title='bbox 450 2607 633 2678; x_wconf 87' lang='lat' dir='ltr'>llorhofius,</span> <span class='ocrx_word' id='word_1_144' title='bbox 658 2623 732 2665; x_wconf 93' lang='lat' dir='ltr'>cum</span> <span class='ocrx_word' id='word_1_145' title='bbox 756 2611 787 2664; x_wconf 88' lang='lat' dir='ltr'>et</span> <span class='ocrx_word' id='word_1_146' title='bbox 812 2606 878 2682; x_wconf 89' lang='lat' dir='ltr'>ipse</span> <span class='ocrx_word' id='word_1_147' title='bbox 901 2609 999 2666; x_wconf 90' lang='lat' dir='ltr'>totam</span> <span class='ocrx_word' id='word_1_148' title='bbox 1015 2606 1128 2666; x_wconf 91' lang='lat' dir='ltr'>seriem</span> <span class='ocrx_word' id='word_1_149' title='bbox 1144 2603 1423 2666; x_wconf 80' lang='lat' dir='ltr'>conficiendorum</span> <span class='ocrx_word' id='word_1_150' title='bbox 1440 2606 1564 2666; x_wconf 84' lang='lat' dir='ltr'>lexico-</span> 
     </span>
     <span class='ocr_line' id='line_1_20' title="bbox 262 2712 1564 2791; baseline -0.001 -18"><span class='ocrx_word' id='word_1_151' title='bbox 262 2745 264 2752; x_wconf 86' lang='lat'><em>·</em></span> <span class='ocrx_word' id='word_1_152' title='bbox 343 2731 415 2773; x_wconf 93' lang='lat' dir='ltr'>rum</span> <span class='ocrx_word' id='word_1_153' title='bbox 439 2716 615 2784; x_wconf 89' lang='lat' dir='ltr'>enumerat,</span> <span class='ocrx_word' id='word_1_154' title='bbox 642 2729 724 2789; x_wconf 87' lang='lat' dir='ltr'>quae</span> <span class='ocrx_word' id='word_1_155' title='bbox 749 2717 906 2788; x_wconf 90' lang='lat' dir='ltr'>quantum</span> <span class='ocrx_word' id='word_1_156' title='bbox 928 2713 1056 2791; x_wconf 91' lang='lat' dir='ltr'>linguae</span> <span class='ocrx_word' id='word_1_157' title='bbox 1086 2712 1254 2790; x_wconf 83' lang='lat' dir='ltr'>protutura</span> <span class='ocrx_word' id='word_1_158' title='bbox 1278 2712 1400 2771; x_wconf 86' lang='lat' dir='ltr'>luerint</span> <span class='ocrx_word' id='word_1_159' title='bbox 1424 2717 1564 2772; x_wconf 90' lang='lat' dir='ltr'>nonest</span> 
     </span>
     <span class='ocr_line' id='line_1_21' title="bbox 344 2819 1561 2898; baseline -0.002 -18"><span class='ocrx_word' id='word_1_160' title='bbox 344 2820 430 2898; x_wconf 89' lang='lat' dir='ltr'>quod</span> <span class='ocrx_word' id='word_1_161' title='bbox 455 2820 507 2880; x_wconf 91' lang='lat' dir='ltr'>hic</span> <span class='ocrx_word' id='word_1_162' title='bbox 531 2819 804 2892; x_wconf 80' lang='lat' dir='ltr'>demonstremus,</span> <span class='ocrx_word' id='word_1_163' title='bbox 830 2836 969 2895; x_wconf 90' lang='lat' dir='ltr'>quorum</span> <span class='ocrx_word' id='word_1_164' title='bbox 994 2820 1146 2896; x_wconf 90' lang='lat' dir='ltr'>pleraque</span> <span class='ocrx_word' id='word_1_165' title='bbox 1179 2819 1277 2896; x_wconf 91' lang='lat' dir='ltr'>paulo</span> <span class='ocrx_word' id='word_1_166' title='bbox 1304 2822 1377 2895; x_wconf 91' lang='lat' dir='ltr'>post</span> <span class='ocrx_word' id='word_1_167' title='bbox 1400 2819 1561 2879; x_wconf 90' lang='lat' dir='ltr'>Leibuitio</span> 
     </span>
     <span class='ocr_line' id='line_1_22' title="bbox 344 2924 1564 3004; baseline -0.002 -18"><span class='ocrx_word' id='word_1_168' title='bbox 344 2927 441 2987; x_wconf 89' lang='lat' dir='ltr'>etiam</span> <span class='ocrx_word' id='word_1_169' title='bbox 466 2927 498 2984; x_wconf 93' lang='lat' dir='ltr'>in</span> <span class='ocrx_word' id='word_1_170' title='bbox 520 2925 636 3001; x_wconf 88' lang='lat' dir='ltr'>optatis</span> <span class='ocrx_word' id='word_1_171' title='bbox 660 2925 773 2984; x_wconf 88' lang='lat' dir='ltr'>luere:</span> <span class='ocrx_word' id='word_1_172' title='bbox 800 2942 836 2984; x_wconf 92' lang='lat' dir='ltr'>ac</span> <span class='ocrx_word' id='word_1_173' title='bbox 858 2925 997 3002; x_wconf 90' lang='lat' dir='ltr'>primum</span> <span class='ocrx_word' id='word_1_174' title='bbox 1020 2949 1033 2980; x_wconf 73' lang='grc' dir='ltr'>α</span> <span class='ocrx_word' id='word_1_175' title='bbox 1047 2925 1238 2985; x_wconf 79' lang='lat' dir='ltr'>Harmonice</span> <span class='ocrx_word' id='word_1_176' title='bbox 1263 2925 1413 2985; x_wconf 91' lang='lat' dir='ltr'>omnium</span> <span class='ocrx_word' id='word_1_177' title='bbox 1440 2924 1564 3004; x_wconf 88' lang='lat' dir='ltr'>lingua·</span> 
     </span>
     <span class='ocr_line' id='line_1_23' title="bbox 343 3031 1562 3108; baseline 0.001 -17"><span class='ocrx_word' id='word_1_178' title='bbox 343 3049 415 3091; x_wconf 91' lang='lat' dir='ltr'>rum</span> <span class='ocrx_word' id='word_1_179' title='bbox 441 3031 543 3091; x_wconf 86' lang='lat' dir='ltr'>lexica</span> <span class='ocrx_word' id='word_1_180' title='bbox 557 3053 572 3083; x_wconf 88' lang='lat'>»</span> <span class='ocrx_word' id='word_1_181' title='bbox 597 3031 748 3107; x_wconf 87' lang='lat' dir='ltr'>postulat,</span> <span class='ocrx_word' id='word_1_182' title='bbox 775 3032 891 3108; x_wconf 92' lang='lat' dir='ltr'>quibus</span> <span class='ocrx_word' id='word_1_183' title='bbox 915 3031 1185 3092; x_wconf 87' lang='lat' dir='ltr'>conferendorum</span> <span class='ocrx_word' id='word_1_184' title='bbox 1201 3031 1283 3091; x_wconf 88' lang='lat' dir='ltr'>inter</span> <span class='ocrx_word' id='word_1_185' title='bbox 1305 3049 1338 3091; x_wconf 90' lang='lat' dir='ltr'>se</span> <span class='ocrx_word' id='word_1_186' title='bbox 1361 3031 1562 3093; x_wconf 86' lang='lat' dir='ltr'>diversorum</span> 
     </span>
     <span class='ocr_line' id='line_1_24' title="bbox 344 3136 1564 3218; baseline -0.001 -19"><span class='ocrx_word' id='word_1_187' title='bbox 344 3156 531 3199; x_wconf 90' lang='lat' dir='ltr'>sermonum</span> <span class='ocrx_word' id='word_1_188' title='bbox 556 3136 708 3197; x_wconf 90' lang='lat' dir='ltr'>studiosis</span> <span class='ocrx_word' id='word_1_189' title='bbox 728 3155 823 3214; x_wconf 90' lang='lat' dir='ltr'>opera</span> <span class='ocrx_word' id='word_1_190' title='bbox 840 3139 965 3198; x_wconf 85' lang='lat' dir='ltr'>facilior</span> <span class='ocrx_word' id='word_1_191' title='bbox 979 3139 1033 3197; x_wconf 88' lang='lat' dir='ltr'>fiat</span> <span class='ocrx_word' id='word_1_192' title='bbox 1049 3144 1080 3198; x_wconf 91' lang='lat' dir='ltr'>ct</span> <span class='ocrx_word' id='word_1_193' title='bbox 1095 3139 1213 3198; x_wconf 91' lang='lat' dir='ltr'>laboris</span> <span class='ocrx_word' id='word_1_194' title='bbox 1230 3139 1363 3198; x_wconf 89' lang='lat' dir='ltr'>materia</span> <span class='ocrx_word' id='word_1_195' title='bbox 1380 3138 1564 3218; x_wconf 90' lang='lat' dir='ltr'>suppedite-</span> 
     </span>
     <span class='ocr_line' id='line_1_25' title="bbox 343 3242 1562 3323; baseline 0 -19"><span class='ocrx_word' id='word_1_196' title='bbox 343 3245 460 3323; x_wconf 80' lang='lat' dir='ltr'>tur(5);</span> <span class='ocrx_word' id='word_1_197' title='bbox 479 3242 594 3302; x_wconf 91' lang='lat' dir='ltr'>deiude</span> <span class='ocrx_word' id='word_1_198' title='bbox 609 3265 623 3296; x_wconf 92' lang='lat'>«</span> <span class='ocrx_word' id='word_1_199' title='bbox 639 3243 910 3320; x_wconf 80' lang='lat' dir='ltr'>synonymorum,</span> <span class='ocrx_word' id='word_1_200' title='bbox 922 3244 1154 3322; x_wconf 86' lang='lat' dir='ltr'>Epithetorum,</span> <span class='ocrx_word' id='word_1_201' title='bbox 1165 3243 1407 3304; x_wconf 86' lang='lat' dir='ltr'>Antithetorum</span> <span class='ocrx_word' id='word_1_202' title='bbox 1424 3250 1454 3304; x_wconf 87' lang='lat' dir='ltr'>et</span> <span class='ocrx_word' id='word_1_203' title='bbox 1469 3245 1562 3304; x_wconf 88' lang='lat' dir='ltr'>Phra-</span> 
     </span>
     <span class='ocr_line' id='line_1_26' title="bbox 343 3345 1560 3426; baseline 0 -20"><span class='ocrx_word' id='word_1_204' title='bbox 343 3347 455 3406; x_wconf 91' lang='lat' dir='ltr'>sium»</span> <span class='ocrx_word' id='word_1_205' title='bbox 473 3346 529 3424; x_wconf 74' lang='lat'>(6),</span> <span class='ocrx_word' id='word_1_206' title='bbox 553 3361 612 3404; x_wconf 89' lang='lat' dir='ltr'>uec</span> <span class='ocrx_word' id='word_1_207' title='bbox 632 3361 698 3403; x_wconf 92' lang='lat' dir='ltr'>non</span> <span class='ocrx_word' id='word_1_208' title='bbox 721 3367 735 3398; x_wconf 91' lang='lat'>«</span> <span class='ocrx_word' id='word_1_209' title='bbox 750 3345 1002 3421; x_wconf 90' lang='lat' dir='ltr'>Metaphorarum</span> <span class='ocrx_word' id='word_1_210' title='bbox 1018 3347 1216 3424; x_wconf 90' lang='lat' dir='ltr'>poeticarum</span> <span class='ocrx_word' id='word_1_211' title='bbox 1232 3369 1246 3401; x_wconf 92' lang='lat'>»</span> <span class='ocrx_word' id='word_1_212' title='bbox 1271 3349 1314 3426; x_wconf 76' lang='lat' dir='ltr'>ll)</span> <span class='ocrx_word' id='word_1_213' title='bbox 1335 3349 1466 3421; x_wconf 87' lang='lat' dir='ltr'>Lexica;</span> <span class='ocrx_word' id='word_1_214' title='bbox 1488 3365 1560 3426; x_wconf 92' lang='lat' dir='ltr'>pos·</span> 
     </span>
     <span class='ocr_line' id='line_1_27' title="bbox 341 3450 1560 3532; baseline 0.002 -21"><span class='ocrx_word' id='word_1_215' title='bbox 341 3456 444 3512; x_wconf 90' lang='lat' dir='ltr'>tremo</span> <span class='ocrx_word' id='word_1_216' title='bbox 471 3450 824 3510; x_wconf 89' lang='lat' dir='ltr'>«Homoeoteleutorum</span> <span class='ocrx_word' id='word_1_217' title='bbox 854 3452 932 3526; x_wconf 89' lang='lat' dir='ltr'>(sive</span> <span class='ocrx_word' id='word_1_218' title='bbox 960 3452 1193 3532; x_wconf 66' lang='lat' dir='ltr'>«Rimarumul</span> <span class='ocrx_word' id='word_1_219' title='bbox 1219 3457 1249 3513; x_wconf 89' lang='lat' dir='ltr'>et</span> <span class='ocrx_word' id='word_1_220' title='bbox 1275 3452 1397 3514; x_wconf 89' lang='lat' dir='ltr'>Pedum</span> <span class='ocrx_word' id='word_1_221' title='bbox 1423 3455 1560 3515; x_wconf 75' lang='lat' dir='ltr'>lexicon</span> 
     </span>
     <span class='ocr_line' id='line_1_28' title="bbox 344 3555 916 3636; baseline 0.003 -20"><span class='ocrx_word' id='word_1_222' title='bbox 344 3557 465 3634; x_wconf 85' lang='lat' dir='ltr'>(lleim-</span> <span class='ocrx_word' id='word_1_223' title='bbox 480 3555 546 3616; x_wconf 91' lang='lat' dir='ltr'>und</span> <span class='ocrx_word' id='word_1_224' title='bbox 565 3556 810 3635; x_wconf 81' lang='lat' dir='ltr'>Fuss-Lexicon)</span> <span class='ocrx_word' id='word_1_225' title='bbox 830 3580 844 3611; x_wconf 73' lang='grc' dir='ltr'><strong>υ</strong></span> <span class='ocrx_word' id='word_1_226' title='bbox 863 3555 916 3636; x_wconf 82' lang='lat'><strong>(8).</strong></span> 
     </span>
    </p>
   </div>
   <div class='ocr_carea' id='block_1_5' title="bbox 341 3801 1554 3880">
    <p class='ocr_par' dir='ltr' id='par_1_6' title="bbox 341 3801 1554 3880">
     <span class='ocr_line' id='line_1_29' title="bbox 341 3801 1554 3880; baseline 0.007 -27"><span class='ocrx_word' id='word_1_227' title='bbox 341 3801 457 3853; x_wconf 80' lang='lat' dir='ltr'>lacobus</span> <span class='ocrx_word' id='word_1_228' title='bbox 474 3802 614 3851; x_wconf 86' lang='lat' dir='ltr'>Grimmius</span> <span class='ocrx_word' id='word_1_229' title='bbox 625 3801 771 3865; x_wconf 78' lang='lat' dir='ltr'>(llealscles</span> <span class='ocrx_word' id='word_1_230' title='bbox 788 3803 969 3866; x_wconf 72' lang='lat' dir='ltr'>Wurterdaclr,</span> <span class='ocrx_word' id='word_1_231' title='bbox 986 3808 1006 3868; x_wconf 89' lang='lat' dir='ltr'>l,</span> <span class='ocrx_word' id='word_1_232' title='bbox 1023 3809 1184 3874; x_wconf 81' lang='lat' dir='ltr'>Einleitung.</span> <span class='ocrx_word' id='word_1_233' title='bbox 1198 3809 1248 3862; x_wconf 87' lang='lat' dir='ltr'>col.</span> <span class='ocrx_word' id='word_1_234' title='bbox 1266 3809 1342 3874; x_wconf 78' lang='lat' dir='ltr'>xlii),</span> <span class='ocrx_word' id='word_1_235' title='bbox 1356 3814 1403 3878; x_wconf 93' lang='lat' dir='ltr'>qui</span> <span class='ocrx_word' id='word_1_236' title='bbox 1420 3815 1554 3880; x_wconf 82' lang='lat' dir='ltr'>praeterea</span> 
     </span>
    </p>
   </div>
   <div class='ocr_carea' id='block_1_6' title="bbox 342 3895 1251 4053">
    <p class='ocr_par' dir='ltr' id='par_1_7' title="bbox 342 3895 1251 4053">
     <span class='ocr_line' id='line_1_30' title="bbox 342 3895 1251 3968; baseline 0.009 -19"><span class='ocrx_word' id='word_1_237' title='bbox 342 3895 526 3949; x_wconf 79' lang='lat' dir='ltr'>animadvertit</span> <span class='ocrx_word' id='word_1_238' title='bbox 544 3895 711 3948; x_wconf 87' lang='lat' dir='ltr'>llaolschium</span> <span class='ocrx_word' id='word_1_239' title='bbox 727 3900 832 3962; x_wconf 88' lang='lat' dir='ltr'>saepius</span> <span class='ocrx_word' id='word_1_240' title='bbox 847 3901 970 3952; x_wconf 86' lang='lat' dir='ltr'>materiae</span> <span class='ocrx_word' id='word_1_241' title='bbox 982 3903 1106 3968; x_wconf 82' lang='lat' dir='ltr'>congerie</span> <span class='ocrx_word' id='word_1_242' title='bbox 1121 3901 1251 3957; x_wconf 82' lang='lat' dir='ltr'>laborare.</span> 
     </span>
     <span class='ocr_line' id='line_1_31' title="bbox 377 3986 672 4053; baseline -0.003 -12"><span class='ocrx_word' id='word_1_243' title='bbox 377 3986 412 4048; x_wconf 87' lang='lat' dir='ltr'>(l)</span> <span class='ocrx_word' id='word_1_244' title='bbox 433 3987 495 4039; x_wconf 83' lang='lat' dir='ltr'>Uno.</span> <span class='ocrx_word' id='word_1_245' title='bbox 511 3987 584 4048; x_wconf 73' lang='lat' dir='ltr'>Ged,</span> <span class='ocrx_word' id='word_1_246' title='bbox 600 3989 614 4053; x_wconf 79' lang='lat'><strong>§</strong></span> <span class='ocrx_word' id='word_1_247' title='bbox 631 3992 672 4040; x_wconf 82' lang='lat'>³3.</span> 
     </span>
    </p>
   </div>
   <div class='ocr_carea' id='block_1_7' title="bbox 341 4079 1545 4830">
    <p class='ocr_par' dir='ltr' id='par_1_8' title="bbox 375 4079 749 4150">
     <span class='ocr_line' id='line_1_32' title="bbox 375 4079 749 4150; baseline 0 -14"><span class='ocrx_word' id='word_1_248' title='bbox 375 4083 411 4150; x_wconf 76' lang='lat' dir='ltr'>(t)</span> <span class='ocrx_word' id='word_1_249' title='bbox 431 4079 641 4149; x_wconf 70' lang='lat' dir='ltr'>1ttd..§³a-aa,</span> <span class='ocrx_word' id='word_1_250' title='bbox 659 4084 749 4136; x_wconf 75' lang='lat' dir='ltr'>tl-lt.</span> 
     </span>
    </p>

    <p class='ocr_par' dir='ltr' id='par_1_9' title="bbox 376 4175 1181 4256">
     <span class='ocr_line' id='line_1_33' title="bbox 376 4175 1181 4256; baseline 0.011 -24"><span class='ocrx_word' id='word_1_251' title='bbox 376 4177 411 4246; x_wconf 80' lang='lat'>(³)</span> <span class='ocrx_word' id='word_1_252' title='bbox 429 4175 466 4230; x_wconf 81' lang='lat' dir='ltr'>Gt.</span> <span class='ocrx_word' id='word_1_253' title='bbox 481 4176 657 4240; x_wconf 75' lang='lat' dir='ltr'>Sohmarsow,</span> <span class='ocrx_word' id='word_1_254' title='bbox 672 4175 773 4230; x_wconf 80' lang='lat' dir='ltr'>ter&#39;bmll</span> <span class='ocrx_word' id='word_1_255' title='bbox 788 4175 841 4230; x_wconf 82' lang='lat' dir='ltr'>aad</span> <span class='ocrx_word' id='word_1_256' title='bbox 851 4179 1013 4247; x_wconf 79' lang='lat' dir='ltr'>Sctottcliar,</span> <span class='ocrx_word' id='word_1_257' title='bbox 1029 4197 1056 4252; x_wconf 85' lang='lat' dir='ltr'>p.</span> <span class='ocrx_word' id='word_1_258' title='bbox 1073 4187 1104 4239; x_wconf 77' lang='lat'>22</span> <span class='ocrx_word' id='word_1_259' title='bbox 1120 4196 1181 4256; x_wconf 86' lang='lat' dir='ltr'>sqq.</span> 
     </span>
    </p>

    <p class='ocr_par' dir='ltr' id='par_1_10' title="bbox 377 4271 1170 4349">
     <span class='ocr_line' id='line_1_34' title="bbox 377 4271 1170 4349; baseline 0.015 -27"><span class='ocrx_word' id='word_1_260' title='bbox 377 4277 414 4335; x_wconf 80' lang='lat' dir='ltr'>[ll</span> <span class='ocrx_word' id='word_1_261' title='bbox 431 4272 561 4337; x_wconf 68' lang='lat' dir='ltr'>Spurinna</span> <span class='ocrx_word' id='word_1_262' title='bbox 573 4271 732 4338; x_wconf 76' lang='lat' dir='ltr'>pliiloloqioe</span> <span class='ocrx_word' id='word_1_263' title='bbox 743 4276 914 4339; x_wconf 68' lang='lat' dir='ltr'>perorantem,</span> <span class='ocrx_word' id='word_1_264' title='bbox 930 4280 1002 4346; x_wconf 86' lang='lat' dir='ltr'>Disq.</span> <span class='ocrx_word' id='word_1_265' title='bbox 1020 4281 1050 4344; x_wconf 82' lang='lat' dir='ltr'>X,</span> <span class='ocrx_word' id='word_1_266' title='bbox 1069 4295 1095 4349; x_wconf 89' lang='lat' dir='ltr'>p.</span> <span class='ocrx_word' id='word_1_267' title='bbox 1114 4287 1170 4337; x_wconf 74' lang='lat' dir='ltr'>lat.</span> 
     </span>
    </p>

    <p class='ocr_par' dir='ltr' id='par_1_11' title="bbox 372 4364 968 4438">
     <span class='ocr_line' id='line_1_35' title="bbox 372 4364 968 4438; baseline 0.007 -17"><span class='ocrx_word' id='word_1_268' title='bbox 372 4364 412 4431; x_wconf 77' lang='lat' dir='ltr'>(ll)</span> <span class='ocrx_word' id='word_1_269' title='bbox 431 4366 500 4429; x_wconf 72' lang='lat' dir='ltr'>una,</span> <span class='ocrx_word' id='word_1_270' title='bbox 517 4371 563 4418; x_wconf 82' lang='lat'>{05</span> <span class='ocrx_word' id='word_1_271' title='bbox 581 4378 611 4412; x_wconf 67' lang='lat' dir='ltr'>u</span> <span class='ocrx_word' id='word_1_272' title='bbox 626 4368 696 4428; x_wconf 74' lang='lat' dir='ltr'>Dat,</span> <span class='ocrx_word' id='word_1_273' title='bbox 714 4369 754 4428; x_wconf 86' lang='lat' dir='ltr'>Vl,</span> <span class='ocrx_word' id='word_1_274' title='bbox 772 4382 833 4433; x_wconf 86' lang='lat' dir='ltr'>pars</span> <span class='ocrx_word' id='word_1_275' title='bbox 849 4375 870 4430; x_wconf 83' lang='lat' dir='ltr'>l,</span> <span class='ocrx_word' id='word_1_276' title='bbox 887 4386 912 4438; x_wconf 90' lang='lat' dir='ltr'>p.</span> <span class='ocrx_word' id='word_1_277' title='bbox 928 4375 968 4426; x_wconf 83' lang='grc'>89.</span> 
     </span>
    </p>

    <p class='ocr_par' dir='ltr' id='par_1_12' title="bbox 374 4455 875 4528">
     <span class='ocr_line' id='line_1_36' title="bbox 374 4455 875 4528; baseline -0.002 -12"><span class='ocrx_word' id='word_1_278' title='bbox 374 4461 409 4524; x_wconf 77' lang='lat' dir='ltr'>tt)</span> <span class='ocrx_word' id='word_1_279' title='bbox 431 4455 505 4524; x_wconf 75' lang='lat' dir='ltr'>itta,</span> <span class='ocrx_word' id='word_1_280' title='bbox 525 4464 571 4512; x_wconf 73' lang='lat' dir='ltr'>tlt</span> <span class='ocrx_word' id='word_1_281' title='bbox 589 4482 619 4508; x_wconf 71' lang='lat' dir='ltr'>a</span> <span class='ocrx_word' id='word_1_282' title='bbox 634 4461 707 4526; x_wconf 68' lang='lat' dir='ltr'>Uno„</span> <span class='ocrx_word' id='word_1_283' title='bbox 719 4457 792 4524; x_wconf 79' lang='lat' dir='ltr'>aed,</span> <span class='ocrx_word' id='word_1_284' title='bbox 805 4457 820 4528; x_wconf 64' lang='grc'>5</span> <span class='ocrx_word' id='word_1_285' title='bbox 833 4467 875 4515; x_wconf 76' lang='lat' dir='ltr'>re.</span> 
     </span>
    </p>

    <p class='ocr_par' dir='ltr' id='par_1_13' title="bbox 341 4547 1545 4722">
     <span class='ocr_line' id='line_1_37' title="bbox 374 4547 1545 4646; baseline 0.017 -36"><span class='ocrx_word' id='word_1_286' title='bbox 374 4553 410 4626; x_wconf 86' lang='lat' dir='ltr'>(t)</span> <span class='ocrx_word' id='word_1_287' title='bbox 429 4547 503 4614; x_wconf 73' lang='lat' dir='ltr'>lua,</span> <span class='ocrx_word' id='word_1_288' title='bbox 518 4557 575 4608; x_wconf 80' lang='lat' dir='ltr'>aaa.</span> <span class='ocrx_word' id='word_1_289' title='bbox 594 4573 621 4594; x_wconf 63' lang='grc' dir='ltr'>-ι</span> <span class='ocrx_word' id='word_1_290' title='bbox 636 4555 717 4621; x_wconf 65' lang='lat' dir='ltr'>oritus</span> <span class='ocrx_word' id='word_1_291' title='bbox 734 4559 865 4623; x_wconf 76' lang='lat' dir='ltr'>specimen</span> <span class='ocrx_word' id='word_1_292' title='bbox 881 4561 945 4628; x_wconf 75' lang='lat' dir='ltr'>ipse,</span> <span class='ocrx_word' id='word_1_293' title='bbox 958 4557 1029 4630; x_wconf 84' lang='lat' dir='ltr'>quod</span> <span class='ocrx_word' id='word_1_294' title='bbox 1047 4559 1080 4619; x_wconf 87' lang='lat' dir='ltr'>ad</span> <span class='ocrx_word' id='word_1_295' title='bbox 1095 4559 1191 4624; x_wconf 74' lang='lat' dir='ltr'>latinas</span> <span class='ocrx_word' id='word_1_296' title='bbox 1205 4564 1376 4644; x_wconf 70' lang='lat' dir='ltr'>metaphora</span> <span class='ocrx_word' id='word_1_297' title='bbox 1390 4571 1502 4646; x_wconf 78' lang='lat' dir='ltr'>spectat,</span> <span class='ocrx_word' id='word_1_298' title='bbox 1519 4564 1545 4630; x_wconf 83' lang='lat' dir='ltr'>n</span> 
     </span>
     <span class='ocr_line' id='line_1_38' title="bbox 341 4644 975 4722; baseline 0.009 -17"><span class='ocrx_word' id='word_1_299' title='bbox 341 4644 501 4720; x_wconf 70' lang='lat' dir='ltr'>l’tlpdt‘ttoru</span> <span class='ocrx_word' id='word_1_300' title='bbox 513 4649 584 4702; x_wconf 84' lang='lat' dir='ltr'>dedit</span> <span class='ocrx_word' id='word_1_301' title='bbox 595 4650 679 4706; x_wconf 85' lang='lat' dir='ltr'>l&#39;lom.</span> <span class='ocrx_word' id='word_1_302' title='bbox 697 4655 720 4712; x_wconf 83' lang='lat' dir='ltr'>l,</span> <span class='ocrx_word' id='word_1_303' title='bbox 736 4649 792 4704; x_wconf 76' lang='lat' dir='ltr'>urb.</span> <span class='ocrx_word' id='word_1_304' title='bbox 811 4655 835 4716; x_wconf 74' lang='lat'>³,</span> <span class='ocrx_word' id='word_1_305' title='bbox 849 4666 907 4722; x_wconf 80' lang='lat' dir='ltr'>cap·</span> <span class='ocrx_word' id='word_1_306' title='bbox 923 4651 975 4719; x_wconf 69' lang='lat' dir='ltr'>illa</span> 
     </span>
    </p>

    <p class='ocr_par' dir='ltr' id='par_1_14' title="bbox 379 4743 577 4830">
     <span class='ocr_line' id='line_1_39' title="bbox 379 4743 577 4830; baseline -0.005 -29"><span class='ocrx_word' id='word_1_307' title='bbox 379 4745 414 4830; x_wconf 66' lang='lat' dir='ltr'>tl)</span> <span class='ocrx_word' id='word_1_308' title='bbox 435 4743 504 4818; x_wconf 71' lang='lat' dir='ltr'>unt,</span> <span class='ocrx_word' id='word_1_309' title='bbox 520 4746 577 4801; x_wconf 81' lang='lat' dir='ltr'>tlt.</span> 
     </span>
    </p>
   </div>
   <div class='ocr_carea' id='block_1_8' title="bbox 0 0 1728 5449">
    <p class='ocr_par' dir='ltr' id='par_1_15' title="bbox 0 0 1728 5449">
     <span class='ocr_line' id='line_1_40' title="bbox 0 0 1728 5449; baseline 0 0"><span class='ocrx_word' id='word_1_310' title='bbox 0 0 1728 5449; x_wconf 95' lang='lat' dir='ltr'> </span> 
     </span>
    </p>
   </div>
  </div>
 </body>
</html>
