3462 5452
659 613 851 696 ...81⁴

178 768 441 852 Quanticumque
457 775 564 834 autem
580 774 684 851 pretii,
701 772 934 834 necimmerito
950 771 1045 839 certe,
1063 764 1246 830 universam
1262 760 1353 828 Leib-

139 882 229 954 nitii,
242 899 301 958 pro
317 867 528 958 etymologiee
545 897 673 939 causam
688 880 821 958 agentis,
837 877 1028 937 industriam
1053 877 1176 947 feceris,
1204 894 1270 936 non
1286 876 1359 935 infr-

140 989 204 1049 tias
222 992 330 1048 tamen
351 986 504 1058 eundum,
531 987 564 1045 in
592 988 727 1065 singulis
749 969 820 1046 eum
846 1003 911 1045 non
932 986 1003 1062 pari
1029 985 1148 1062 ubique
1173 984 1269 1044 laude
1289 1001 1357 1044 esse

140 1092 390 1154 cumulandum.
405 1092 483 1152 Cum
499 1091 586 1151 enim
597 1093 693 1169 plane
708 1091 893 1169 probandus
908 1091 1006 1151 fuerit
1020 1090 1176 1168 quamdiu
1192 1091 1225 1150 in
1240 1089 1273 1149 id
1287 1095 1358 1149 tan·
1417 1075 1420 1084 ’

139 1203 214 1268 turn
229 1198 388 1270 incubuit,
404 1202 441 1257 ut
454 1174 596 1258 eruditos
621 1198 778 1271 incitaret,
803 1197 955 1275 profanos
977 1197 1118 1257 alliceret
1139 1201 1171 1256 et
1186 1196 1225 1256 ad
1240 1201 1360 1276 etymo-

140 1305 284 1384 logicam
306 1304 510 1382 disciplinam
532 1304 676 1382 undique
700 1323 802 1365 novos
831 1304 971 1365 fautores
1004 1307 1034 1364 et
1056 1303 1218 1382 adjutores
1240 1304 1358 1382 perdu-

141 1416 249 1485 ceret;
274 1413 372 1489 paulo
397 1411 503 1471 minus
520 1411 587 1489 jam
612 1411 867 1472 ‘commendanda
881 1411 1009 1472 videtur
1028 1413 1098 1491 ejus
1118 1412 1310 1486 documenta
1327 1418 1358 1472 et

141 1520 330 1596 linguarum
346 1518 522 1596 specimina
537 1518 730 1597 congerendi
747 1519 840 1592 ratio,
860 1536 921 1579 nec
935 1518 1070 1579 forsitan
1093 1519 1212 1598 injuste
1234 1519 1356 1591 fecerit,

141 1627 199 1704 qui
225 1625 266 1698 ei,
282 1626 332 1685 vel
357 1624 514 1702 quaedam
541 1623 670 1685 adrem
696 1625 942 1704 etymologicam
972 1626 1165 1703 pertinentia
1191 1632 1360 1704 praccepta

143 1732 250 1792 obiter
267 1731 473 1808 concipienti,
485 1730 535 1790 vel
550 1748 668 1791 vocum
681 1732 820 1810 origines
835 1732 1039 1811 rationesque
1052 1738 1171 1793 temere
1187 1734 1262 1793 satis
1276 1751 1361 1794 scru-

142 1838 239 1910 tanti,
256 1855 322 1897 non
336 1837 399 1897 nisi
415 1854 509 1915 parce
526 1838 658 1897 omnino
673 1855 821 1898 assensus
835 1838 941 1898 fucrit.

185 1946 331 2021 Namque
344 1943 503 2020 imprimis
518 1943 614 2003 erecti
631 1943 671 2003 ad
686 1944 871 2003 testimonia
880 1945 1119 2022 quamplurima
1138 1945 1361 2023 congreganda

144 2051 206 2112 viri
221 2049 352 2110 laudem
366 2051 392 2109 is
405 2049 540 2110 forsitan
553 2067 620 2109 non
635 2068 673 2110 ex
687 2050 851 2128 proposito
868 2049 1043 2111 detrectare
1066 2051 1154 2110 visus
1176 2051 1283 2124 fuerit,
1305 2052 1359 2129 qui

145 2157 419 2229 animadverterit,
449 2173 524 2217 eum
551 2156 585 2216 in
612 2157 673 2216 ista
697 2157 917 2234 conquirenda
940 2174 1072 2217 caecum
1099 2162 1130 2217 et
1152 2157 1361 2235 praecipitem

145 2266 337 2344 plerumque
353 2263 494 2336 irruisse,
510 2268 541 2323 et
555 2267 671 2323 cuncta
685 2264 879 2340 promiscue,
892 2263 1106 2341 undecunque
1121 2271 1226 2324 essent
1241 2264 1359 2336 oblata,

144 2372 239 2431 nullo
264 2369 410 2430 adhibito
435 2369 562 2430 delectu
586 2370 796 2447 assumpsisse
820 2374 1006 2447 tantamque
1034 2370 1110 2429 talia
1128 2369 1252 2429 avidius
1277 2370 1361 2430 inse-

147 2477 275 2556 quentis
287 2477 483 2538 alacritatem
497 2494 534 2536 eo
549 2477 698 2548 evasisse,
708 2480 744 2535 ut
754 2476 893 2554 disparia
903 2480 1029 2535 tantum
1043 2480 1074 2535 et
1087 2476 1221 2535 confusa
1230 2477 1361 2536 omnino

147 2585 423 2645 constituerentur
438 2583 634 2643 collectanea
650 2581 819 2660 quaedam,
844 2600 883 2642 ex
904 2583 1021 2660 quibus
1045 2583 1153 2642 nullos
1177 2599 1308 2660 prorsus
1322 2583 1362 2643 ad

146 2690 399 2770 promovendam
413 2691 641 2769 etymologices
657 2688 835 2749 doctrinam
850 2689 974 2749 fructus
990 2706 1118 2767 carpere
1139 2690 1260 2750 liceret.

187 2797 426 2876 lltymologicae
442 2801 548 2856 autem
575 2796 631 2856 illa
653 2799 755 2856 aetate
775 2796 878 2856 multo
904 2796 1009 2856 minus
1031 2814 1115 2856 nova
1136 2797 1361 2875 experimentis

149 2903 350 2983 subjicienda
377 2903 520 2976 materia,
546 2920 642 2980 quam
674 2920 757 2961 nova
781 2902 964 2980 experiendi
987 2902 1039 2962 via
1068 2919 1105 2962 ac
1135 2903 1258 2962 ratione
1282 2921 1362 2981 opus

150 3017 226 3084 erat,
243 3027 349 3088 neque
368 3009 407 3070 de
432 3027 469 3070 ea
489 3009 568 3070 adeo
593 3010 675 3069 bene
698 3009 831 3068 meritus
854 3009 880 3069 is
902 3013 969 3069 erat
991 3009 1200 3086 reputandus,
1219 3010 1275 3087 qui
1293 3027 1362 3070 eam

150 3119 242 3197 quasi
263 3118 431 3195 repentina
453 3133 612 3176 novorum
639 3115 909 3176 documentorum
936 3118 1019 3176 mole
1039 3118 1275 3196 obrueretque
1294 3123 1364 3179 tan-

149 3224 320 3288 tummodo
334 3223 497 3284 diffieilior
513 3224 712 3301 cognitarum
726 3224 794 3301 jam
810 3223 992 3301 linguarum
1009 3224 1137 3300 partitio
1159 3229 1190 3284 et
1212 3223 1364 3286 distribu-

149 3334 192 3393 tio
208 3349 355 3410 quaeque
369 3332 458 3391 fieret
471 3330 631 3407 simulque
647 3334 819 3408 augeretur
832 3334 900 3389 tum
917 3331 1173 3409 conjecturarum
1191 3333 1362 3405 temeritas,

150 3445 215 3500 tum
246 3438 521 3516 comparationum
550 3436 660 3497 libido.
686 3439 751 3497 lloc
775 3437 859 3497 enim
874 3441 946 3497 ante
965 3439 1075 3498 omnia
1089 3456 1219 3499 necesse
1235 3444 1312 3512 erat,
1329 3444 1365 3498 ut

151 3547 364 3626 etymologioo
381 3544 487 3604 studio
508 3544 638 3604 definita
663 3545 879 3622 imponeretur
896 3564 1024 3618 norma,
1051 3565 1115 3624 qua
1136 3547 1261 3626 jamdiu
1277 3566 1365 3608 oom-

151 3661 240 3733 perta
254 3659 286 3715 et
304 3654 467 3732 explorata
490 3653 523 3712 in
543 3652 687 3712 ordinem
704 3652 851 3712 distribui
874 3658 905 3714 et
927 3672 944 3715 e
961 3659 1109 3714 notorum
1137 3655 1365 3734 disceptatione

151 3768 235 3824 certa
259 3761 418 3840 quaedam
438 3764 469 3820 et
484 3761 574 3820 firma
588 3765 776 3838 argumenta
790 3761 939 3822 concludi
953 3768 1106 3840 possent..

188 3866 282 3942 Quod
298 3866 428 3946 quidem
443 3867 518 3926 artis
531 3867 764 3946 etymologicae
777 3868 891 3928 vitium
902 3869 1038 3930 minime
1049 3870 1155 3948 ipsum
1168 3871 1364 3934 leibnitium

152 3979 271 4058 fugisse
286 3975 379 4036 multi
395 3972 512 4035 docent
526 3974 597 4054 ejus
617 3974 773 4036 librorum
786 3975 849 4037 loci
865 3993 871 4050 ;
899 3980 930 4037 et
953 3977 1058 4038 variae
1077 3978 1115 4038 ab
1139 3995 1175 4039 eo
1197 3978 1262 4041 huc
1287 3980 1366 4043 illuc

152 4101 282 4168 sparsae
311 4081 603 4145 animadversiones
629 4085 798 4160 testantur,
822 4099 896 4146 eum
922 4085 1018 4165 plane
1045 4086 1242 4151 intellexisse
1270 4105 1365 4168 quam

1058 4293 1360 4308 m

150 4447 358 4510 detractandam,
394 4461 486 4502 omncs
522 4461 603 4516 supra
636 4451 832 4502 commemorati
869 4452 991 4502 auctores
1019 4447 1125 4501 abunde
1152 4442 1365 4498 illustraverunt.

153 4546 383 4613 supervacaneum
410 4559 517 4613 quoquo
546 4545 649 4599 videtur
675 4545 884 4601 animadvertere
905 4550 1036 4615 quantum
1058 4543 1176 4598 Lcibnitll
1200 4545 1305 4610 incepta
1329 4539 1363 4595 sul

153 4641 307 4726 flcrvasium
329 4639 558 4710 adalungtumque
580 4639 728 4708 incitandos
751 4639 897 4726 patuerint·
1037 4715 1043 4723 .
1159 4717 1183 4805 ὓ
