3462 5452
826 685 870 702 ..
899 649 944 720 020
970 687 1017 702 ..

311 795 528 874 gerinanicam
559 793 799 876 scythicamque
827 800 865 857 ab
898 799 990 857 initio
1022 817 1120 857 11111111
1147 795 1357 876 11111111111111
1381 794 1528 876 lingnam

312 903 421 974 luisse,
438 909 478 974 et,
496 903 582 980 quod
607 903 646 962 ad
669 904 780 962 aetatis
803 905 1008 980 privilegium
1034 905 1201 980 pertineat,
1228 905 1430 982 germanicae
1451 924 1528 981 prae

312 1009 424 1068 celtica
444 1014 498 1069 aut
514 1010 754 1086 graeco-italica
771 1011 891 1086 primas
908 1017 1011 1087 partes
1034 1029 1101 1070 esse
1124 1011 1309 1071 tribuendas
1325 1014 1379 1083 (t).

351 1117 393 1174 De
407 1116 520 1175 celtica
535 1115 677 1192 quidem,
692 1115 824 1192 perinde
846 1135 883 1174 ac
900 1117 1097 1176 Boxhornius
1114 1117 1274 1194 celerique
1290 1118 1377 1176 illius
1392 1121 1423 1176 et
1442 1117 1527 1176 inso—
1594 1098 1597 1102 ⁵

312 1224 439 1298 qumitis
455 1223 567 1281 aetatis
585 1222 766 1298 scriptores,
785 1223 903 1280 incerta
919 1229 1043 1281 lautum
1059 1227 1086 1280 et
1104 1240 1217 1298 parum
1233 1221 1363 1280 delinita
1383 1223 1524 1298 exponit,

310 1346 368 1387 nec
395 1328 499 1387 lucide
523 1329 599 1386 solis
624 1329 808 1394 constituit,
832 1346 926 1404 quem
956 1329 982 1386 ei
1008 1328 1115 1386 locum
1142 1329 1224 1387 inter
1246 1329 1347 1386 socias
1372 1327 1526 1387 dialectos

312 1435 441 1493 tribuat.
460 1434 552 1493 blodo
579 1435 664 1492 eninr
681 1451 752 1492 eain
772 1435 904 1492 aninmo
928 1451 1002 1492 cum
1026 1434 1093 1509 ipsa
1109 1434 1252 1510 scythica
1281 1433 1448 1493 confundit
1469 1436 1524 1510 (⁶3),

311 1547 366 1599 aut
388 1541 490 1600 Celtas
506 1540 623 1616 pariter
638 1557 675 1598 ac
697 1541 817 1616 belgas,
836 1546 946 1598 contra
961 1540 1102 1599 Caesaris
1120 1545 1149 1599 et
1172 1541 1269 1599 Taciti
1288 1541 1524 1612 auctoritatem,

310 1647 503 1724 germanicis
523 1647 671 1723 gentibus
692 1645 840 1704 adscribit
867 1651 1020 1722 putatque
1044 1664 1156 1705 eorum
1175 1646 1348 1706 dialectum
1364 1648 1526 1722 germani-

309 1773 364 1813 cae
386 1755 439 1812 vix
461 1753 654 1826 absimilem,
674 1753 773 1811 inuno
802 1753 900 1810 l'erme
927 1754 970 1810 ila
996 1753 1175 1828 proximam
1200 1753 1309 1818 luisse,
1334 1757 1369 1811 ut
1397 1753 1524 1812 suecica

311 1861 465 1920 hodierna
480 1860 648 1919 recentiori
673 1858 852 1917 teutonicae
870 1863 916 1916 est
935 1859 988 1935 (3),
1011 1858 1106 1918 modo
1123 1858 1270 1916 celticam
1287 1858 1432 1934 linguam
1448 1876 1523 1917 cum

312 1967 411 2026 latina
431 1967 529 2025 artius
548 1965 671 2025 confert
694 1969 723 2023 et
742 1982 814 2022 eam
838 1964 988 2040 opinatur
1008 1966 1039 2022 in
1062 1963 1273 2023 informandis
1301 1964 1408 2023 latinis
1429 1982 1524 2024 veca-

311 2073 397 2132 bulis
423 2072 600 2149 plurimum
618 2071 790 2129 invaluisse
813 2073 867 2148 (l).

353 2181 395 2239 Ex
411 2179 528 2256 quibus
546 2179 578 2237 in
595 2177 754 2236 contraria
770 2176 957 2235 cadentibus
978 2177 1144 2234 sententiis
1168 2177 1262 2254 plane
1288 2182 1419 2255 apparet
1434 2195 1521 2252 eum,

308 2285 395 2345 haud
412 2303 502 2344 secus
519 2303 555 2344 ac
569 2284 666 2361 paulo
683 2289 755 2361 post
771 2283 975 2353 leibnitium,
996 2283 1116 2342 truncis
1139 2284 1332 2361 quibusdam
1347 2285 1522 2346 documen-

307 2395 358 2464 tis,
377 2410 458 2469 quae
476 2391 514 2451 de
531 2391 652 2451 celticis
668 2390 816 2468 gentibus
831 2389 1042 2459 traderentur,
1056 2389 1147 2447 anxie
1162 2390 1293 2466 quidem
1308 2392 1450 2450 collectis
1464 2392 1521 2450 sed

310 2500 501 2576 plerumque
516 2514 662 2574 perverse
692 2495 879 2572 explanatis,
897 2499 952 2552 aut
979 2495 1112 2553 vocibus
1134 2495 1266 2568 celticis,
1291 2513 1371 2572 quae
1398 2497 1520 2573 passim

308 2604 393 2682 apud
421 2604 525 2662 varios
552 2602 721 2678 scriptores
746 2605 960 2670 occurrerent,
991 2604 1110 2658 temero
1138 2599 1301 2674 adhibitis,
1330 2601 1361 2661 id
1389 2602 1520 2663 demum

310 2709 485 2788 aegerrime
503 2708 641 2784 assequi,
659 2711 694 2765 ut
708 2724 746 2765 cx
758 2706 901 2765 obscuris
915 2706 1065 2764 historiae
1080 2705 1281 2766 documentis
1297 2708 1399 2768 multo
1415 2710 1518 2787 magis

311 2830 408 2892 quam
424 2832 440 2873 e
456 2813 600 2891 diligenti
617 2813 802 2889 linguarum
818 2813 952 2871 scientia
965 2818 994 2871 et
1006 2813 1271 2889 pervestigatione
1287 2814 1373 2874 haud
1385 2833 1517 2892 prorsus

308 2919 509 2998 prohabilem
523 2917 697 2996 quamdam
725 2918 943 2995 conjecturam
958 2917 1064 2977 ducat.
1081 2919 1123 2978 lte
1138 2919 1207 2978 istis
1228 2921 1314 2980 enim
1337 2921 1466 2999 linguis,
1483 2928 1519 2983 ut

306 3027 451 3104 plerique
467 3026 523 3085 illo
538 3029 681 3100 tempore
696 3025 851 3095 lecerunt,
868 3024 1040 3084 Morholius
1051 3025 1132 3084 nihil
1148 3026 1212 3085 sero
1224 3027 1286 3085 nisi
1301 3027 1413 3087 auditu
1429 3045 1518 3088 com-

305 3135 394 3212 perta
409 3133 505 3192 refert
520 3132 625 3192 111111
640 3135 777 3202 tantum,
793 3131 879 3207 quod
893 3149 931 3191 ex
946 3131 1009 3190 alio
1026 3131 1167 3207 quodam
1183 3132 1265 3192 libro
1279 3133 1515 3212 deprompsisse

305 3241 443 3312 videtur,
459 3240 556 3316 paulo
573 3239 690 3298 certius
702 3238 803 3309 affert,
820 3237 958 3297 Galliam
971 3236 1067 3296 hodie
1083 3237 1263 3298 habitantes
1283 3239 1426 3300 Britones
1440 3259 1515 3302 cum

303 3348 433 3427 populis
446 3347 582 3408 Walliae
598 3351 665 3422 (seu
680 3345 857 3422 Cambriae)
874 3349 905 3403 et
927 3344 1136 3404 Cornuvaliae
1152 3346 1312 3406 artissimo
1326 3349 1515 3425 consangui-

305 3455 415 3514 nitatis
430 3470 515 3512 nexu
531 3469 599 3512 esse
623 3452 824 3529 conjunctos,
851 3451 929 3510 1111
959 3451 1008 3509 his
1039 3451 1225 3528 regionibus
1255 3455 1513 3533 antiquissimam

304 3561 452 3622 celticam
477 3560 622 3637 linguam
645 3559 787 3635 primum
827 3558 1103 3634 anglo-saxonica,
1134 3558 1249 3619 deinde
1279 3562 1404 3639 anglica
1443 3581 1511 3624 esse

302 3669 336 3729 in
362 3667 429 3728 dies
455 3666 557 3744 magis
584 3681 620 3724 ae
643 3665 746 3741 magis
773 3665 1033 3744 1111111111115).

343 3774 473 3846 Eadem,
490 3773 607 3850 1111111
623 3770 975 3844 1111111111111111111
1002 3789 1188 3833 sermonum
1217 3773 1347 3836 exordio
1374 3777 1513 3838 occurrit

300 3878 385 3960 apud
401 3879 596 3940 Leihnitium
611 3876 791 3938 haesitatio.
808 3879 980 3956 Postquam
996 3878 1082 3940 enim
1098 3879 1159 3940 sihi
1174 3881 1317 3958 primum
1334 3883 1511 3962 scythicam

301 3989 446 4069 linguam
462 4004 519 4067 per
533 3991 580 4049 111
596 3991 626 4048 11
642 3992 708 4048 tam
726 3985 900 4047 immensas
916 3987 1061 4067 regiones
1077 3987 1170 4050 initio
1185 3987 1334 4051 diffusam
1350 3997 1382 4053 et
1395 4009 1509 4072 propa·

1208 4185 1509 4204 Q

334 4300 366 4368 (l)
388 4295 458 4368 [171111
474 4299 516 4358 fida

332 4393 367 4468 ll)
386 4391 462 4463 lbra,
479 4400 504 4476 fl·

331 4489 365 4562 <a
384 4476 570 4566 11111111.

330 4589 365 4658 (t)
384 4584 459 4658 batt,
475 4589 561 4648 1911,

328 4693 363 4774 tt)
381 4681 456 4760 1111,
475 4695 564 4762 aeas,
580 4685 621 4751 lt.-
