3462 5452
855 612 1044 690 ..42-

383 769 426 831 Eo
444 767 585 832 severius
601 770 701 850 igitur
715 771 810 833 Italos
828 771 1043 850 reprehendit,
1061 768 1146 850 quod
1162 773 1209 832 lot
1228 789 1267 832 ex
1291 788 1419 850 quaque
1447 771 1552 850 lingua

346 875 530 954 desumptas
543 895 636 939 voces
649 878 681 938 in
695 896 791 938 suum
806 897 926 938 novum
943 895 1124 938 sermonem
1138 877 1318 954 acceperint
1332 876 1385 954 (1).
1409 877 1550 938 Urbanae

343 982 430 1042 enim
446 982 574 1060 linguae
589 1002 655 1044 non
670 984 762 1044 aliter
776 985 918 1045 evenisse
932 983 1158 1044 animadvertit
1172 987 1267 1061 atque
1282 983 1378 1043 variis
1394 983 1549 1055 dialectis,

341 1089 375 1150 in
393 1106 472 1166 quas
487 1089 595 1150 italica
609 1090 720 1168 lingua
742 1092 811 1168 jam
826 1109 843 1150 a
857 1092 1027 1169 principie,
1044 1090 1130 1151 haud
1146 1108 1237 1152 secus
1250 1108 1287 1152 ac
1316 1107 1441 1169 graeca,
1457 1091 1553 1152 fuerit

344 1197 464 1270 divisa3
490 1216 571 1276 quae
588 1200 735 1276 quamvis
751 1199 833 1259 inter
860 1217 905 1271 se,
921 1199 946 1259 si
971 1198 1010 1259 ad
1027 1198 1279 1258 concinnitatem
1307 1201 1337 1258 et
1360 1198 1552 1277 elegantiam

343 1304 546 1382 spectaveris,
560 1306 693 1365 omnino
717 1305 858 1383 dispares
873 1323 941 1366 esse
967 1304 1146 1378 videantur,
1163 1305 1197 1363 in
1212 1304 1274 1365 hoc
1288 1309 1396 1365 tamen
1417 1321 1551 1364 consen-

345 1411 437 1484 tiant,
452 1415 489 1471 ut
510 1415 644 1472 cunctae
659 1429 697 1472 ex
713 1429 839 1490 quaque
863 1413 970 1472 vicina
984 1412 1152 1491 peregrina
1167 1412 1288 1490 lingua,
1305 1415 1340 1471 ut
1363 1412 1552 1489 proximitas

346 1522 401 1578 aut
416 1518 649 1579 commercium
665 1518 796 1590 serebat,
812 1519 886 1596 plus
901 1519 1049 1579 minusve
1061 1520 1239 1597 receperint
1247 1519 1302 1595 (2).

384 1626 436 1687 Sic
464 1625 653 1704 provinciali
669 1625 798 1704 linguae
818 1627 922 1686 multa
937 1629 1062 1686 luscam
1077 1625 1260 1696 dialectum,
1277 1642 1336 1685 nec
1359 1641 1425 1684 non
1453 1625 1555 1703 ipsam

342 1733 549 1793 urbaniorem
569 1733 722 1793 Italorum
750 1733 895 1810 linguam
909 1734 964 1808 (3),
990 1731 1149 1800 debuisse,
1166 1732 1348 1809 pariterque
1377 1732 1410 1790 in
1425 1732 1557 1793 calabri·

346 1857 418 1901 cam
433 1844 464 1900 et
474 1840 668 1900 siciliensem
678 1840 837 1900 nonnulla
850 1857 888 1899 ex
902 1856 1015 1916 graeco
1025 1839 1074 1897 vel
1089 1838 1216 1898 arabico
1228 1855 1375 1898 sermone
1390 1840 1554 1899 transiisse

343 1951 477 2006 constat.
508 1946 567 2006 Vix
587 1946 791 2006 florentinam
816 1963 853 2004 ac
876 1962 1044 2005 romanam
1070 1944 1217 2021 puriores
1246 1944 1503 2022 excultioresque
1528 1951 1555 2006 et

346 2053 451 2113 omnis
465 2053 604 2113 urbanae
619 2052 747 2130 linguae
763 2052 939 2112 conditioni
957 2051 1120 2129 propiores
1132 2050 1339 2128 judicaveris,
1356 2069 1552 2129 quamquam

347 2177 457 2220 rursus
484 2176 651 2218 romanam
677 2158 768 2218 valde
798 2157 971 2218 dolendum
998 2161 1045 2218 est
1069 2158 1248 2218 alienarum
1275 2175 1391 2218 vocum
1416 2158 1554 2220 colluvie

346 2265 449 2344 magis
472 2282 508 2325 ac
531 2264 631 2341 magis
666 2263 850 2342 inquinari;
882 2264 968 2341 quod
984 2263 1114 2341 quidem
1138 2263 1165 2324 ei
1191 2264 1242 2322 vix
1256 2264 1361 2340 potuit
1389 2282 1455 2324 non
1470 2265 1552 2326 acci-

349 2370 434 2443 dere,
456 2389 528 2432 cum
556 2371 755 2431 exomnibus
779 2371 865 2431 orbis
883 2375 1038 2431 terrarum
1063 2371 1206 2447 partibus
1243 2387 1356 2446 magne
1381 2369 1554 2432 hominum

348 2477 535 2548 multitudo,
564 2475 795 2536 diversissimas
816 2476 942 2554 linguas
966 2476 1202 2553 usurpantium,
1235 2475 1368 2536 Romam
1393 2477 1554 2538 confluere

345 2602 411 2646 non
426 2584 576 2660 desinat(
597 2587 620 2660 ).

388 2691 459 2764 Sed,
483 2697 652 2770 postquam
666 2691 724 2751 has
747 2709 800 2752 ore
816 2692 962 2769 querelas
975 2691 1052 2769 jecit
1077 2691 1259 2762 Morholius,
1277 2691 1316 2751 ad
1332 2691 1452 2752 rectius
1469 2690 1555 2769 judi·

346 2797 434 2858 cium
458 2797 651 2874 solitamque
680 2797 873 2874 aequitatem
892 2814 965 2857 mox
992 2814 1148 2868 reversus,
1169 2796 1327 2874 quidquid
1357 2798 1427 2857 Itali
1450 2796 1554 2858 eonati

342 2903 471 2975 luerint,
482 2907 518 2964 ut
533 2920 622 2964 suam
639 2903 781 2980 linguam
803 2904 1005 2980 castigarent,
1021 2921 1057 2963 ae
1077 2904 1233 2980 paulatim
1259 2907 1411 2964 ornarent
1425 2909 1456 2964 et
1472 2904 1553 2964 dila-

343 3012 424 3081 rent,
441 3010 578 3087 ingenue
595 3010 740 3087 agnoscit
756 3027 762 3082 ;
781 3009 859 3086 quin
876 3010 971 3070 etiam
984 3009 1219 3086 diligentiorem
1246 3010 1346 3070 abeis
1369 3010 1446 3069 huic
1460 3027 1552 3070 cxco-

344 3115 468 3190 lendae,
486 3133 581 3194 quam
596 3116 722 3176 adallis
739 3133 825 3190 suae,
847 3133 977 3193 operam
996 3115 1149 3176 tributam
1161 3134 1229 3176 esse
1241 3116 1359 3177 fatetur
1375 3115 1429 3193 (ὅ).

385 3222 484 3283 Probe
512 3221 608 3300 igitur
634 3225 665 3282 et
690 3219 825 3282 candide
855 3222 985 3300 exponit
1020 3239 1115 3299 quam
1151 3221 1232 3282 bene
1267 3221 1400 3281 Dantius
1429 3221 1556 3297 (6),Pe·

346 3335 449 3390 trarca
465 3329 507 3410 (l)
524 3333 554 3390 et
573 3328 746 3390 Boceacius
769 3329 809 3407 (8)
827 3328 865 3388 de
885 3347 922 3389 ea
946 3329 1009 3388 sint
1030 3327 1146 3400 meriti,
1163 3344 1358 3406 quamquam
1380 3327 1495 3389 iterum
1519 3326 1556 3386 ad

347 3437 441 3497 breve
460 3441 586 3514 tempus
604 3439 808 3513 praesumpta
832 3436 984 3513 opinione
1009 3435 1151 3495 animum
1174 3439 1330 3508 movente,
1348 3436 1460 3494 miram
1481 3436 1556 3496 satis

349 3543 528 3603 Melchioris
551 3541 717 3602 Inchovcri
742 3542 932 3602 sententiam
960 3542 1165 3618 amplectitur
1189 3543 1402 3620 opinaturque
1431 3561 1486 3603 eos
1516 3544 1555 3604 ob

344 3650 427 3710 hanc
451 3650 551 3709 solam
573 3665 701 3709 causam
727 3647 851 3726 vulgari
876 3664 1023 3707 sermone
1052 3648 1159 3707 italico
1189 3647 1222 3708 in
1247 3651 1312 3708 suis
1334 3648 1461 3725 scriptis
1480 3665 1555 3708 usos

381 3859 413 3920 (1)
434 3860 503 3918 ent..
522 3862 580 3910 183.

381 3950 417 4020 (a)
434 3951 510 4014 reta,
528 3955 650 4004 rat-185.

379 4046 414 4114 (3)
433 4046 509 4108 leid„
525 4049 573 4098 159
592 4051 618 4098 et
632 4051 689 4099 185.

381 4143 415 4207 tl)
432 4140 508 4202 leid..
524 4144 572 4192 185
588 4145 611 4192 et
628 4145 685 4192 193.

378 4231 412 4298 (5)
432 4233 505 4296 leid,
522 4239 642 4286 llo-211.
661 4262 691 4274 -
705 4236 800 4288 Eadem
825 4237 932 4288 omnino
945 4241 1088 4288 occurrunt
1112 4236 1183 4302 apud
1210 4236 1367 4287 leibnitium
1388 4237 1463 4302 (Uno.
1481 4237 1556 4298 dea,

348 4329 364 4392 ς
379 4330 446 4394 llll).

378 4425 412 4486 (6)
431 4422 506 4483 loire,
520 4427 585 4486 186;
602 4423 636 4476 ci.
650 4426 728 4477 etiam
744 4426 806 4476 Uar.
827 4425 900 4486 cea,
916 4427 930 4490 ᾖ
945 4429 1002 4476 lot.

379 4519 414 4584 (ll
438 4519 512 4578 leia,
531 4523 588 4570 191.

381 4619 416 4684 (8)
434 4616 510 4679 leid,
530 4619 585 4668 192.
