3462 5452
880 633 1070 710 ...36-

369 802 405 847 ac
419 787 580 865 postremo
601 781 731 846 11111010
750 805 895 864 (piaeque
911 787 1110 866 singularum
1134 783 1369 849 romanicarum
1391 783 1571 868 linguarum

319 918 324 930 ·
367 895 523 956 vocabula
536 912 704 954 conversas
717 911 786 954 esse
799 899 899 971 putet,
924 895 1142 972 francogallici
1166 896 1253 954 verbi
1280 893 1414 969 demetr,
1437 898 1572 975 exempli

367 1003 478 1082 gratia,
496 1001 723 1080 etymologiam
743 1001 847 1060 statim
874 1002 994 1078 profert
1016 1007 1057 1073 01,
1082 1000 1574 1082 001101111011000110100103100-

367 1129 432 1183 sus,
450 1127 560 1170 ornnes
576 1109 695 1169 medias
711 1127 749 1168 ex
761 1106 871 1167 ordine
888 1111 1054 1168 enumerat
1069 1109 1197 1186 figuras,
1215 1127 1293 1185 quas
1310 1127 1346 1168 ea
1361 1127 1423 1168 vox
1439 1109 1573 1170 subinde

367 1218 517 1290 induerit,
534 1215 635 1276 donec
651 1215 772 1276 adeam
789 1214 915 1274 tandem
932 1214 1069 1287 caderet,
1087 1232 1168 1291 quae
1182 1213 1266 1291 apud
1280 1233 1340 1276 nos
1352 1233 1446 1276 nunc
1464 1217 1497 1275 in
1513 1234 1573 1276 11011

367 1329 424 1396 001,
445 1341 481 1384 00
496 1324 635 1383 vicissim
650 1324 683 1381 in
697 1322 916 1381 testimonium
932 1327 1035 1392 vocat,
1050 1321 1126 1380 binc
1140 1322 1283 1382 italicum
1299 1321 1402 1395 cador,
1418 1340 1483 1400 quo
1501 1340 1574 1400 pro-

366 1431 459 1490 betur
473 1430 616 1490 vocalem
632 1429 757 1488 linalem
780 1427 970 1505 jamdudum
993 1445 1060 1487 esse
1081 1446 1295 1506 suppressam,
1322 1430 1411 1490 illinc
1434 1431 1574 1508 hispani-

366 1554 437 1597 cum
455 1555 534 1608 coer,
552 1553 590 1596 ex
612 1553 676 1612 quo
691 1539 797 1613 pateat
819 1535 913 1595 etiarn
932 1533 1070 1594 medium
1087 1533 1107 1594 d
1126 1536 1189 1595 cito
1208 1536 1371 1608 cecidisse,
1386 1541 1453 1596 tum
1470 1537 1573 1615 picar-

366 1643 472 1704 dicum
490 1661 553 1718 car,
579 1641 642 1715 101,
661 1659 724 1719 quo
740 1642 898 1701 vocalium
927 1660 945 1699 0
969 1645 1000 1699 01
1023 1659 1038 1699 0
1062 1642 1237 1701 0001100110
1262 1643 1572 1716 consummantum

366 1750 534 1826 antiquum
569 1748 833 1826 francogallicuur
866 1746 946 1818 1101,
977 1746 1063 1824 quod
1097 1747 1292 1808 demonstret
1318 1749 1351 1808 in
1380 1751 1573 1827 quibusdam

365 1855 549 1933 regionibus
565 1854 680 1913 durum
705 1851 723 1911 1
747 1853 900 1930 paulatim
926 1853 960 1911 in
986 1853 1115 1913 mollius
1136 1852 1172 1912 cb
1194 1855 1377 1930 transiisse;
1400 1857 1486 1918 unde
1507 1863 1574 1918 tan·

365 1961 449 2034 dem,
470 1977 623 2020 conversa
642 1976 752 2018 rursus
774 1977 788 2016 e
810 1957 912 2018 vocali
934 1958 966 2016 in
982 1957 1011 2016 01
1033 1957 1280 2037 diphthongum,
1294 1960 1487 2022 hodiernum
1502 1981 1573 2023 nos-

364 2073 447 2127 trum
471 2065 566 2138 111011,
598 2063 731 2137 declama,
752 2065 918 2125 exstiterit.

404 2175 536 2233 lstarum
551 2175 656 2231 autem
674 2172 886 2232 mutationum
904 2189 1033 2232 causam
1052 2190 1229 2250 nunqnam,
1248 2178 1283 2234 ut
1306 2174 1469 2252 plerisque
1484 2176 1572 2236 illius

365 2280 478 2341 aetatis
500 2279 633 2340 eruditis
655 2279 730 2336 viris
752 2277 929 2350 videbatur,
956 2279 1153 2356 corruptioni
1176 2279 1314 2352 cuidam,
1337 2280 1392 2340 sed
1414 2283 1572 2360 cujusque

367 2389 470 2466 gentis
483 2387 640 2465 genuinae
662 2386 916 2463 pronuntiationi
931 2389 961 2444 01
974 2387 1127 2463 peculiari
1143 2386 1183 2446 ad
1207 2393 1309 2447 certos
1324 2404 1420 2448 sonos
1441 2389 1573 2449 inclina-

364 2496 444 2556 tioni
460 2493 702 2554 adscribendam
717 2510 784 2552 esse
798 2496 882 2552 recte
894 2493 1025 2552 omnino
1041 2493 1200 2554 existimat
1217 2496 1270 2572 (1).

405 2602 567 2674 Similiter,
591 2605 627 2660 ut
656 2599 844 2660 sententiam
873 2618 962 2658 suam
990 2599 1028 2659 de
1051 2601 1208 2678 cujusque
1234 2602 1416 2662 romanicae
1442 2603 1570 2681 linguae

363 2710 448 2782 satis,
463 2707 706 2780 mutationibus,
716 2705 993 2766 vicissitudinibus
1004 2706 1152 2778 illustret,
1168 2707 1281 2766 fuscet
1295 2707 1328 2766 in
1341 2706 1525 2785 expeditum
1534 2727 1572 2769 ex

364 2816 451 2876 omni
466 2820 555 2893 parte
572 2812 702 2874 modum
718 2813 859 2891 exponit,
872 2829 952 2889 quae
967 2812 1109 2890 linguam
1124 2813 1382 2891 francogallicam
1395 2832 1453 2892 per
1464 2833 1572 2876 saecu-

363 2924 467 2984 lorum
485 2922 597 2982 seriem
618 2925 776 2999 expertam
798 2937 865 2980 esse
882 2923 1017 2997 reputet,
1037 2924 1131 2997 atque
1146 2921 1179 2979 in
1203 2921 1273 2999 ejus
1295 2922 1570 2984 transformandas

363 3050 400 3093 ac
414 3030 655 3091 constituendae
670 3030 746 3101 vita,
764 3033 799 3088 ut
814 3028 984 3101 ita-dicam,
1000 3033 1031 3088 et
1044 3029 1180 3090 decursu
1201 3030 1262 3090 tria
1282 3035 1426 3107 tempora
1441 3030 1570 3110 dignos-

362 3137 463 3198 cenda
478 3142 585 3197 censet
602 3154 608 3195 :
627 3153 663 3196 ac
677 3135 815 3213 primum
832 3135 969 3212 gaudere
984 3136 1120 3208 videtur,
1142 3137 1271 3214 copiose
1295 3141 1325 3196 et
1347 3137 1483 3197 libenter
1496 3157 1570 3198 nar-

362 3263 446 3317 rans,
462 3243 623 3322 quomodo
640 3243 758 3303 Galliae
773 3241 965 3301 Meridianae
985 3243 1109 3302 incolae
1123 3243 1227 3303 celtici
1243 3261 1317 3320 prae
1340 3246 1452 3304 ceteris
1471 3246 1569 3306 latina

361 3352 539 3412 urbanitate
548 3356 578 3410 et
591 3350 790 3408 humanitate
802 3349 865 3408 sint
874 3354 995 3409 mature
1005 3348 1129 3423 imbuti,
1141 3355 1181 3422 01,
1192 3351 1224 3409 in
1233 3351 1382 3411 universo
1391 3353 1567 3414 litterarum

361 3461 504 3538 delapsu,
528 3459 653 3518 lidelius
669 3475 763 3534 quam
791 3458 871 3520 aliae
892 3461 1002 3534 gentes
1026 3458 1116 3516 latini
1139 3458 1294 3517 sermonis
1314 3459 1450 3519 nitorem
1473 3463 1567 3538 atque

360 3570 536 3630 ubertatem
554 3565 758 3638 servaverint,
776 3564 830 3624 sed
845 3569 953 3622 tamen
962 3564 1026 3642 jam
1044 3581 1116 3623 eum
1133 3582 1150 3623 a
1163 3564 1274 3641 primis
1289 3566 1487 3642 temporibus
1501 3583 1567 3626 non

361 3676 513 3736 desierint
525 3691 583 3751 pro
606 3689 663 3734 suo
680 3672 832 3750 peculiari
855 3671 983 3748 ingenio
1006 3671 1174 3732 immutare
1189 3673 1243 3750 lita
1261 3678 1296 3732 111
1316 3673 1381 3751 jam
1406 3674 1566 3735 Ciceronis

359 3787 460 3843 aetate
476 3799 576 3860 genus
592 3779 718 3840 dicendi
732 3780 881 3858 gallicum
899 3779 983 3839 lama
997 3779 1150 3839 celebrari
1162 3781 1565 3861 coeperit)(2)‚introductis

359 3888 434 3950 hinc
449 3890 482 3949 in
504 3888 657 3947 urbanam
682 3886 823 3964 linguam
845 3884 954 3945 multis
977 3886 1158 3947 vernaculis
1178 3887 1322 3961 vocibus
1346 3888 1461 3948 inllexo
1476 3889 1566 3952 illinc

359 4012 468 4058 rursus
485 3994 524 4056 ad
539 3994 670 4057 latinam
686 4009 831 4054 normam
843 3996 875 4053 et
887 3991 1029 4054 indolem
1044 3994 1172 4072 proprio
1186 3996 1344 4074 cujusque
1359 4012 1516 4060 sermone.

398 4104 472 4165 Inde
489 4104 596 4182 igitur,
607 4107 644 4164 ut
655 4102 720 4181 jam
729 4118 824 4180 supra
836 4104 981 4162 notatum
994 4105 1050 4176 001,
1068 4101 1314 4182 francogallicae
1326 4103 1454 4184 linguae
1462 4106 1566 4185 prima

359 4211 487 4276 exordia
506 4209 593 4274 ducit
615 4208 799 4283 Morhofius,
817 4225 898 4288 quae
913 4208 1028 4288 partim
1048 4226 1064 4271 e
1085 4208 1221 4288 pristino
1242 4211 1356 4274 celtico
1372 4211 1460 4275 loute
1482 4219 1562 4292 orta,

983 4425 987 4440 ,
1040 4425 1045 4430 ,
1107 4423 1121 4439 ,
1230 4425 1241 4441 ,
1380 4425 1449 4443 ,,.,

389 4565 425 4634 (1)
445 4565 645 4638 11111.,1111111.
663 4571 787 4630 lltsllt.

391 4664 427 4746 p)
445 4662 519 4734 101,
532 4666 589 4724 111,
