3446 5452
854 627 1069 717 ..105-

853 1005 1003 1080 CAPUT
1035 1005 1079 1078 V.

425 1276 467 1322 DE
500 1275 612 1322 vanus
639 1275 769 1323 DICENDl
796 1271 982 1322 caueamus
1009 1271 1209 1319 olsruturrus
1235 1271 1502 1320 eousrlruurlms

398 1951 438 2008 At
458 1967 495 2010 ea
514 1951 720 2027 potissimum
735 1953 806 2012 laus
821 1958 869 2014 est
884 1953 1037 2014 llorholio
1051 1952 1232 2024 tribuenda,
1249 1953 1347 2030 quod,
1361 1970 1437 2030 prae
1459 1952 1569 2013 ceteris

362 2056 452 2116 illius
479 2057 591 2117 aetatis
619 2058 863 2134 litteratoribus,
898 2061 1116 2122 necessarium
1153 2062 1236 2120 inter
1266 2060 1393 2138 singula
1425 2077 1569 2137 quaeque

358 2179 495 2240 poeseos
508 2179 624 2242 genera
638 2163 809 2226 discrimen
827 2183 953 2244 semper
969 2170 999 2226 et
1014 2167 1133 2244 ubique
1149 2165 1383 2227 observandum
1407 2183 1569 2226 commen-

360 2267 484 2329 daverit
507 2274 539 2330 et
566 2270 633 2347 ipse
657 2272 837 2331 servaverit.
871 2273 951 2332 Vere
976 2273 1146 2350 popularia
1172 2273 1315 2332 carmina
1337 2273 1450 2349 probat
1475 2275 1567 2343 certe,

358 2375 510 2454 inlelligit
535 2393 571 2436 ao
594 2377 740 2448 miratur,
766 2378 820 2438 sed
840 2379 895 2437 ubi
923 2383 1048 2438 tantum
1070 2384 1116 2438 est
1140 2379 1192 2439 hie
1209 2380 1318 2450 locus,
1343 2379 1435 2440 valde
1450 2383 1567 2447 autem,

359 2488 389 2542 et
403 2501 531 2543 summo
547 2483 676 2560 quidem
689 2484 773 2562 jure,
791 2484 960 2545 artificiose
976 2485 1009 2544 in
1023 2486 1212 2562 popularem
1228 2485 1358 2545 modum
1373 2485 1569 2563 eourpositos

358 2607 469 2649 versus
494 2590 615 2666 respuit
644 2607 680 2650 ac
703 2591 874 2668 praecipue
907 2592 945 2650 ab
972 2591 1196 2652 invadentibus
1222 2591 1253 2652 iu
1281 2591 1403 2652 nobilia
1433 2597 1462 2651 et
1489 2592 1569 2651 elata

358 2712 475 2774 genera
490 2696 540 2755 vel
556 2695 779 2769 dialectorum,
799 2698 849 2758 vel
871 2698 988 2775 plebeii
1006 2698 1162 2757 sermonis
1183 2697 1330 2758 sordibus
1348 2697 1508 2757 abhorret.

397 2801 500 2874 Quam
515 2802 656 2879 quidem,
675 2804 713 2863 ab
729 2805 882 2881 antiquis,
899 2808 934 2863 ut
948 2804 1085 2878 videtur,
1108 2805 1215 2866 minus
1235 2804 1376 2864 studiose
1400 2808 1569 2864 tractatam

359 2907 580 2984 quaestionem
596 2908 633 2968 de
649 2908 828 2988 digerendis
849 2911 882 2969 in
895 2911 1063 2970 meliorem
1079 2910 1225 2971 ordinem
1242 2916 1270 2970 et
1285 2910 1473 2988 diligentius
1489 2911 1570 2969 inter

359 3030 392 3073 se
407 3012 641 3091 distinguendis
655 3015 819 3075 variorum
834 3033 967 3094 operum
981 3017 1163 3095 generibus,
1178 3017 1326 3077 nonnulli
1340 3017 1373 3075 in
1389 3017 1568 3084 Germania,

359 3119 490 3179 ineunte
518 3121 612 3180 XVll·
637 3122 776 3194 saeculo,
807 3123 900 3199 pauci
929 3128 1048 3195 tamen,
1086 3123 1265 3184 accuratius
1299 3123 1417 3201 agitare
1455 3123 1570 3182 iterum

359 3228 541 3302 coeperaul3
575 3225 629 3285 sed
657 3243 773 3303 parum
799 3225 966 3305 hucusque
996 3229 1045 3288 vel
1076 3229 1209 3290 omnino
1237 3228 1318 3290 nihil
1347 3228 1568 3306 proiecerant;

360 3332 414 3392 alii
430 3331 528 3405 enim,
544 3335 580 3392 ut
595 3332 730 3410 Opilius
755 3333 920 3411 antiquam
941 3335 1101 3413 majorum
1117 3333 1350 3395 consuetudine
1373 3333 1523 3393 traditam
1542 3337 1572 3392 et

361 3440 529 3499 confusam
553 3456 683 3516 prorsus
710 3457 864 3518 generum
890 3440 1160 3514 distributionem,
1188 3441 1237 3501 vel
1272 3440 1378 3518 potius
1403 3457 1571 3500 enumera·

360 3547 495 3618 tionem,
519 3544 584 3606 sere
607 3546 695 3606 omni
722 3564 759 3608 ex
780 3552 869 3625 parte
890 3565 947 3625 pro
968 3547 1057 3607 cultu
1073 3548 1269 3608 retinuerant
1292 3551 1321 3606 et
1339 3564 1449 3606 rursus
1465 3546 1571 3606 edide-

363 3658 445 3726 rant,
457 3654 611 3733 excerptis
626 3658 656 3713 et
671 3655 813 3732 repetitis
829 3658 953 3714 tantum
969 3654 1130 3731 Scaligero
1140 3653 1284 3731 Vidaque
1297 3657 1328 3713 et
1341 3653 1413 3712 aliis
1428 3652 1571 3714 exeuntis

360 3757 436 3820 xvl¹
458 3764 488 3820 et
511 3759 652 3820 ineuntis
673 3758 761 3820 llVlli
784 3760 903 3820 saeculi
919 3760 1120 3832 auctoribus3
1149 3760 1215 3832 alii,
1241 3763 1276 3819 ut
1302 3759 1509 3833 Schottelius‚
1538 3775 1572 3819 ao

364 3867 537 3946 praecipue
566 3865 812 3927 Harsdoerllerus
846 3871 877 3927 et
905 3867 1024 3945 Clajns
1052 3884 1126 3927 curu
1146 3850 1329 3926 ⁴recentiore
1353 3865 1498 3926 doctrina
1526 3865 1570 3925 uti

364 3973 561 4045 riderentur,
579 3973 706 4033 libidini
729 3990 804 4033 suae
820 3989 930 4033 revera
944 3977 1069 4033 tantum
1091 3973 1232 4045 obnoxii,
1249 3972 1401 4031 mirificas
1417 3972 1571 4049 quasdam

366 4082 396 4140 et
410 4078 562 4140 ridiculas
576 4080 671 4157 plane
688 4096 841 4157 generum
861 4079 1091 4156 descriptiones
1105 4080 1371 4158 excogitaverant.

403 4187 535 4247 Duobus
563 4187 718 4264 exemplis
754 4185 807 4246 hic
838 4185 1005 4246 ostendero
1039 4187 1144 4259 liceat,
1175 4204 1238 4263 quo
1265 4185 1393 4245 demum
1423 4186 1569 4247 ceciderit

366 4310 480 4355 eorum
495 4293 668 4354 industria:
693 4292 888 4355 Schultelius
903 4293 1012 4353 omnia
1036 4293 1216 4354 carminum
1231 4310 1347 4371 genera
1370 4293 1403 4352 in
1422 4298 1572 4370 quattuor

372 4403 489 4463 classes
514 4399 694 4461 distribuit:
729 4397 968 4459 Treuerlrarndel
991 4397 1138 4477 (Elegias,
1154 4399 1334 4479 Epitaphia,
1367 4397 1569 4479 Tragoediasl;

362 4505 814 4586 Lustlzuendel(Epithalamia,
823 4507 904 4568 Odas
917 4506 1128 4585 triumphales
1140 4508 1189 4568 vel
1204 4507 1357 4584 Epinicia,
1368 4507 1567 4582 comedisset
1674 4555 1679 4566 .

362 4610 587 4676 Mittellzaadel
616 4610 815 4693 (allegorias,
845 4612 1013 4685 Charades,
1051 4611 1365 4694 Tragi-comoedias);
1402 4610 1480 4672 Lod·
1509 4609 1571 4674 und
