3462 5452
677 599 867 687 43„

164 763 364 848 congrueret,
380 785 440 828 nec
458 759 660 845 potissimum
676 767 877 846 respiciebat,
899 771 1007 827 utrum
1031 779 1115 829 nora
1135 757 1267 829 omnino
1290 763 1320 828 et
1341 777 1380 827 eil

162 875 292 952 proprio
308 893 404 934 sensu
420 874 607 951 deprompta
627 878 704 933 tunc
723 874 865 951 primum
885 873 1069 946 affirmaret,
1095 891 1135 933 an
1151 873 1189 933 ab
1206 874 1279 933 aliis
1292 873 1376 951 jam-

165 980 221 1041 diu
233 980 319 1042 dicta
333 986 364 1041 et
379 983 508 1058 repente
522 980 624 1040 inscio
649 980 682 1039 in
698 980 885 1039 memoriam
899 984 1047 1040 revocata
1063 984 1186 1040 tantum
1203 984 1357 1058 repeteret
1369 998 1376 1053 ;

165 1105 248 1166 quae
276 1088 361 1148 enim
389 1088 439 1147 vel
464 1086 499 1146 in
523 1084 709 1146 universum
735 1090 850 1145 notatu
874 1084 981 1162 digna,
1011 1085 1061 1146 vel
1087 1085 1127 1146 ad
1155 1103 1233 1158 rem,
1257 1085 1295 1146 de
1317 1103 1381 1163 qua

165 1194 290 1274 agebat,
314 1193 431 1254 idonea
454 1197 616 1270 reputaret
638 1195 836 1270 argumenta,
862 1209 910 1264 ea,
932 1191 1157 1296 undecumque
1183 1197 1252 1253 oria
1275 1195 1380 1252 essent

164 1300 334 1362 immemor
344 1303 401 1359 aut
413 1315 527 1377 parum
538 1296 664 1370 anxius,
676 1302 856 1376 opportune
868 1302 899 1358 et
911 1297 1052 1359 dilucide
1067 1299 1100 1359 in
1111 1298 1217 1360 medio
1232 1300 1379 1377 posuisse

165 1405 241 1466 satis
262 1405 411 1466 habebat.

205 1513 314 1574 Falsas
329 1511 428 1590 igitur
442 1510 501 1571 sibi
517 1510 684 1588 opiniones
699 1511 871 1584 finxerunt,
888 1511 939 1571 vel
954 1511 1073 1588 potius,
1091 1511 1116 1572 si
1141 1511 1239 1572 libere
1262 1511 1378 1573 dixisse

166 1619 212 1680 ias
228 1624 287 1692 est,
302 1619 414 1679 lucum
429 1617 501 1678 aliis
522 1618 627 1678 lacere
646 1634 712 1678 non
729 1616 966 1689 dubitaverunt,
983 1617 1038 1693 qui
1053 1634 1131 1677 eum
1146 1618 1190 1678 ita
1207 1617 1378 1697 depingere

166 1725 372 1798 studuerunt,
388 1724 480 1802 quasi
506 1741 539 1784 se
562 1727 668 1785 totum
696 1724 729 1784 in
757 1723 973 1802 etymologica
996 1724 1130 1784 scientia
1156 1725 1380 1786 collocavisset

165 1852 225 1896 nec
246 1832 426 1912 quidquam
450 1831 538 1892 aliud
551 1831 616 1891 lere
632 1830 819 1903 curavisset,
834 1830 899 1889 nisi
919 1834 956 1891 ut
979 1831 1049 1908 ejus
1063 1835 1234 1908 praecepta
1250 1831 1377 1892 assidue

167 1941 344 2020 inquireret
367 1956 405 1999 ac
427 1938 629 2016 dignosceret
646 1941 678 1996 et
696 1935 825 1996 tandem
849 1936 1140 2014 etymologicarum
1159 1937 1268 2015 legum
1292 1937 1381 1998 velut

167 2066 284 2126 corpus
300 2044 464 2124 quoddam
478 2045 633 2105 revelaret
649 2061 686 2103 ac
700 2042 921 2121 promulgaret
937 2041 991 2122 (i).
1163 2119 1165 2122 Ι

206 2155 309 2215 immo
323 2153 385 2212 hoc
398 2155 525 2212 tantum
546 2167 659 2210 verum
681 2153 728 2210 est
752 2167 827 2209 eum
840 2166 901 2210 nec
915 2149 1032 2208 rectius
1057 2148 1095 2210 de
1115 2150 1330 2228 etymologica
1345 2150 1379 2209 in

168 2261 360 2323 universum
387 2258 535 2330 sensisse,
561 2273 622 2316 nec
649 2254 840 2334 prudentius
873 2254 912 2314 ad
947 2255 1159 2334 etymologias
1191 2255 1378 2315 scrutandas

166 2368 350 2439 accessisse,
366 2347 464 2443 quam
478 2364 534 2424 illa
555 2365 657 2423 aetate
673 2361 796 2422 dudum
810 2379 881 2421 mos
896 2366 990 2434 esset,
1008 2379 1068 2421 nec
1090 2360 1268 2439 quidquam
1287 2379 1378 2440 prae-

165 2476 258 2555 cipue
274 2474 313 2534 de
325 2461 559 2553 etymologicae
574 2470 650 2530 ariis
664 2469 817 2546 dignitate
833 2473 865 2528 ci
879 2468 940 2528 fine
957 2472 988 2528 et
1006 2469 1130 2529 ratione
1148 2468 1377 2543 enuntiavisse,

165 2581 253 2660 quod
273 2597 340 2641 non
361 2580 430 2657 jam
449 2576 535 2655 apud
553 2577 723 2655 plerosque
745 2575 815 2653 ejus
833 2575 945 2635 aetatis
962 2574 1103 2636 eruditos
1122 2575 1218 2648 viros,
1235 2592 1272 2635 ac
1287 2592 1379 2654 prae-

163 2690 259 2768 cipue
278 2685 365 2765 apud
380 2683 583 2756 Morbofium,
600 2682 751 2761 reperias.

204 2793 310 2868 Atque
324 2787 486 2866 imprimis
501 2787 596 2848 solita
617 2786 671 2847 hic
684 2803 794 2845 rursus
812 2783 1062 2864 deprehenditur
1075 2785 1293 2846 Leibnitianae
1309 2787 1380 2864 opi-

163 2898 274 2960 nionis
298 2896 470 2958 mobilitas.
494 2895 585 2954 Nunc
605 2893 703 2965 enim,
721 2892 843 2970 optimo
866 2890 997 2969 quidem
1018 2892 1102 2969 jure,
1124 2892 1157 2952 in
1180 2889 1272 2952 Brevi
1293 2891 1380 2952 Desi-

163 3003 312 3086 gnatione
334 3001 538 3081 profitetur«
561 2999 745 3076 linguarum
769 2997 911 3058 studium
935 2998 1034 3058 nullis
1059 2998 1141 3072 aliis,
1166 3014 1264 3077 quam
1288 3017 1381 3060 exac-

165 3119 274 3175 tarum
305 3109 522 3180 scientiarum,
552 3105 719 3184 principiis
748 3123 817 3165 esse
844 3104 1101 3166 exercendum»
1130 3108 1185 3186 (Ξ),
1213 3124 1312 3181 nunc,
1340 3108 1380 3169 ad

165 3217 340 3282 ludolfum
361 3215 514 3287 scribens,
531 3213 610 3275 baec
631 3229 762 3292 prorsus
777 3213 937 3274 contraria
959 3214 1148 3290 pronuntiat
1163 3233 1171 3274 ι
1187 3239 1202 3270 «
1220 3216 1382 3293 lltymolo·

197 3495 234 3560 (i)
253 3501 337 3560 Quam
350 3499 489 3552 immodice
502 3499 559 3564 ejm
572 3499 722 3551 laudatores
736 3498 775 3550 vei
791 3499 934 3551 admodum
955 3503 1043 3551 tritam
1057 3514 1192 3567 quamque
1206 3502 1376 3563 sententiam,

166 3598 186 3646 si
207 3597 286 3648 modo
299 3596 369 3660 apud
384 3609 444 3646 cnm
458 3600 616 3656 occurreret,
631 3599 656 3646 in
672 3609 760 3646 rarum
774 3601 854 3660 atque
875 3598 982 3648 omnino
997 3610 1093 3648 norum
1107 3601 1278 3662 praeceptum
1298 3599 1383 3661 quod·

166 3691 236 3751 dam,
249 3690 350 3756 abipso
360 3694 423 3742 tunc
437 3693 551 3756 primum
565 3693 746 3756 excogitatum
762 3695 788 3742 ct
801 3689 975 3756 patefactum,
989 3697 1142 3744 convertere
1152 3693 1311 3754 studuerint,
1327 3705 1378 3743 urio

166 3789 269 3837 tantum
285 3785 595 3851 exemplodemcnstrare
609 3785 694 3837 liceat.
709 3788 737 3836 lo
748 3787 863 3853 quedam
875 3789 908 3839 ad
922 3788 1079 3840 Acolutbum
1095 3790 1174 3840 missa
1187 3789 1380 3854 epistolaleib·

167 3885 248 3934 nitius
263 3880 330 3932 torte
341 3883 482 3946 scripserat
496 3895 502 3930 r
518 3897 531 3929 a
548 3882 604 3934 Scis
627 3883 696 3932 enim
717 3896 797 3948 quam
820 3883 936 3949 proclive
961 3885 995 3934 sit
1006 3884 1111 3950 quidvis
1133 3897 1166 3935 ex
1182 3887 1276 3949 quavis
1289 3885 1380 3950 lingna

165 3979 321 4042 exsculpere
337 3993 350 4024 u
364 3972 446 4037 iiiut,
460 3977 501 4037 Vi,
519 3989 579 4042 pars
590 3980 686 4044 ἡμᾶς.
703 3979 772 4040 ¹³8]-
790 3979 855 4032 ilinc
867 3981 956 4031 statim
973 3981 1107 4045 persuasio
1121 3984 1161 4031 esi
1175 3980 1244 4033 tacta
1258 3981 1380 4048 famaque

167 4074 295 4140 dissipatu
304 4086 364 4124 eum
376 4074 489 4140 primum
505 4074 531 4124 in
544 4074 654 4125 insitam
666 4087 848 4127 erroremesee
857 4079 987 4138 coortum,
1000 4088 1053 4142 quo
1065 4077 1172 4142 saeptus
1185 4075 1379 4131 diversissimae

167 4170 274 4238 liuguae
286 4168 319 4221 ad
337 4168 510 4235 etymologias
523 4169 677 4222 enodandae
690 4172 715 4221 in
732 4173 859 4224 lauritium
877 4171 1196 4236 vocareniorplelimssiio
1212 4179 1298 4225 turiseo
1318 4165 1381 4226 iiiiii!

167 4257 238 4310 aliud
252 4260 323 4309 certe
334 4259 359 4306 in
373 4261 486 4308 trientem
501 4259 616 4317 reiterat,
634 4259 681 4307 nisi
698 4263 734 4320 ui,
749 4261 887 4310 occasione
900 4260 971 4321 daia,
988 4264 1145 4313 sortientium
1161 4262 1304 4327 quamdam
1320 4276 1382 4314 cuc·

166 4355 215 4406 sim
224 4351 395 4420 signiticaret,
407 4352 439 4404 de
454 4365 507 4419 qua
516 4350 656 4419 plerosque
669 4353 785 4406 eruditos
800 4359 948 4407 corisontire
961 4371 1012 4408 noo
1022 4360 1152 4410 immerito
1164 4357 1270 4425 quidem
1284 4363 1378 4409 existi·

166 4448 274 4512 nabata
291 4461 352 4500 nam
366 4445 400 4499 de
413 4459 453 4510 ea,
469 4448 657 4510 interocieros,
676 4448 832 4501 ilorboiium
854 4451 943 4502 multis
958 4451 1044 4505 verbis
1057 4454 1212 4506 disseruisse
1228 4453 1296 4506 intra
1312 4455 1384 4512 ride·

166 4541 263 4598 bimus.

200 4639 234 4716 tt)
253 4635 290 4696 ct.
306 4644 340 4696 ii.
355 4639 456 4710 titillet,
472 4637 574 4698 seam
585 4642 619 4696 da
634 4636 764 4711 iuitqope,
778 4653 805 4714 p.
825 4641 884 4704 iti.
