3446 5452
640 1152 791 1228 CAPUT
822 1155 885 1226 lll.

259 1421 435 1481 QUATENUS
460 1420 613 1470 LINGUAM
646 1421 873 1471 GERMANICAM
900 1421 980 1469 ESSE
1006 1423 1269 1474 nnroublANDAM

368 1571 565 1621 MORHOFIUS
591 1573 630 1619 ET
655 1572 839 1620 Lnlsslurlus
865 1573 1159 1624 nxlsmMavnmNT.

200 2097 287 2169 Quae
304 2101 476 2163 Morbofius
502 2107 585 2164 recte
615 2109 645 2164 et
670 2108 741 2182 apte
757 2104 795 2165 de
817 2104 912 2164 rebus
940 2103 1155 2183 grammaticis
1181 2101 1368 2181 disputavit,

162 2204 288 2264 etiamsi
310 2206 431 2267 tardius
458 2209 674 2287 proiecerunt,
689 2212 798 2271 omnia
825 2214 944 2284 tamen,
958 2211 1007 2271 vel
1030 2211 1096 2271 fere
1122 2211 1241 2283 omnia,
1258 2226 1319 2268 usu
1335 2212 1367 2268 et

163 2310 328 2375 doctrinae
352 2318 541 2378 auctoritate
568 2335 636 2378 esse
669 2319 885 2396 comprobata,
907 2321 1021 2378 notant
1048 2317 1121 2396 ipsi,
1148 2318 1269 2395 optimo
1299 2316 1370 2393 jure

163 2420 307 2496 quidem,
325 2422 472 2482 Leibnitii
484 2423 625 2484 fautores
639 2423 848 2497 devotissimi,
858 2424 892 2482 in
906 2424 968 2484 hoc
981 2428 1106 2483 tantum
1121 2426 1272 2494 erranteS,
1287 2419 1374 2498 quod

164 2527 320 2588 Laibnitio
340 2535 504 2590 revocatae
521 2531 637 2590 sensim
665 2530 704 2590 ad
733 2531 865 2591 meliora
889 2531 1131 2592 consuetudinis
1153 2531 1371 2608 praecipuam,

164 2637 243 2713 quin
260 2638 357 2697 etiam
373 2656 499 2699 omnem
516 2638 643 2699 laudem
659 2639 799 2699 tribuere
822 2657 888 2698 non
912 2638 1068 2698 dubitant.
1090 2638 1172 2709 Quid
1197 2637 1235 2696 de
1252 2654 1284 2695 re
1300 2653 1374 2695 cen-

164 2742 299 2803 sendum
316 2744 366 2816 sit,
379 2749 457 2816 tota,
472 2763 568 2822 quam
583 2763 679 2823 supra
694 2746 903 2818 instituimus,
919 2745 1099 2823 explanatio
1116 2745 1192 2804 satis
1208 2743 1311 2803 docet.

203 2851 295 2912 Haud
311 2853 402 2913 aliter
413 2857 518 2913 autem
529 2871 562 2913 se
575 2871 624 2913 res
639 2854 780 2932 praebet,
797 2870 869 2913 cum
884 2852 923 2912 ad
936 2852 968 2911 id
979 2853 1136 2924 venimus
1151 2857 1187 2912 ut
1202 2851 1289 2910 varia
1304 2866 1375 2928 per-

164 2958 348 3037 pendantur
369 2961 515 3033 consilia,
538 2978 631 3037 quae,
649 2961 704 3020 illo
735 2966 887 3038 tempore,
905 2959 944 3020 ad
970 2959 1202 3020 emendandam
1231 2959 1375 3036 linguam

164 3065 348 3143 pariterque
369 3067 494 3143 poesim
511 3067 698 3144 spectantia,
713 3066 890 3127 factasunt.

206 3173 249 3231 De
266 3172 382 3249 quibus
399 3191 473 3232 sane
490 3172 673 3246 Morhotius,
689 3177 812 3233 servato
827 3191 914 3233 more
925 3192 995 3247 suc,
1012 3191 1077 3235 non
1101 3173 1160 3232 rite
1175 3173 1266 3250 quasi
1287 3176 1371 3232 etex
1399 3238 1401 3244 s

164 3278 309 3365 professo
324 3278 484 3352 disseruit,
502 3279 556 3340 sed
569 3279 741 3357 prudentes
753 3279 908 3358 quasdam
924 3285 955 3340 et
970 3280 1009 3340 ad
1032 3286 1132 3341 artem
1151 3281 1373 3356 rationemque

164 3385 422 3446 accommodatas
435 3387 528 3446 itaex
543 3386 654 3446 ordine
677 3387 825 3465 exposuit
851 3388 1081 3461 sententias,ut
1097 3405 1132 3446 ea
1167 3387 1373 3464 potissimum

164 3491 401 3571 aggrederetur,
414 3512 495 3571 quae
510 3495 716 3572 vel-graviora
726 3495 1020 3571 perniciosioraque
1031 3501 1062 3554 et
1071 3495 1194 3572 majore
1209 3512 1286 3554 cura
1299 3512 1375 3553 con-

165 3598 376 3671 tutanda,vel
404 3600 442 3659 ad
477 3601 609 3678 probam
639 3600 896 3660 emendationem
920 3601 1019 3677 magis
1048 3579 1163 3659 idonea
1188 3606 1218 3659 et
1244 3601 1373 3676 planius

166 3704 360 3765 elaboranda
386 3705 580 3765 viderentur.
599 3708 633 3765 Et
647 3706 698 3766 hio
721 3725 830 3766 rursus
857 3706 1014 3783 quidquid
1033 3707 1180 3766 tractavit
1196 3707 1273 3766 mire
1298 3707 1373 3766 cum'

166 3813 316 3873 Leibnitii
331 3815 527 3892 argumentls
539 3832 713 3892 congruere
728 3819 868 3892 apparet.

207 3922 310 3984 Simili
336 3923 405 4001 jam
430 3922 571 3995 exordio,
596 3923 680 3982 cauti
705 3921 859 3982 causidici
883 3921 993 3995 instar,
1021 3923 1221 4000 germanicae
1245 3920 1379 4001 linguae

167 4029 278 4091 laudes
293 4031 436 4108 primum
450 4029 609 4090 canendas
625 4033 758 4107 uterque
771 4029 958 4102 arbitratur;
972 4047 1031 4089 nec
1047 4030 1177 4089 mirum:
1195 4047 1373 4107 congruen-

167 4138 211 4198 tia
224 4137 311 4198 enim
325 4142 355 4197 et
377 4153 463 4196 more
477 4135 540 4196 hoc
562 4137 606 4196 ita
632 4140 853 4214 comparatum
869 4140 945 4209 erat,
961 4141 996 4196 ut
1011 4153 1065 4196 eos
1084 4137 1174 4197 nullo
1189 4137 1252 4196 alio
1283 4137 1376 4198 modo

168 4243 256 4306 adire
266 4261 395 4306 causam
421 4243 556 4307 deceret.
573 4245 650 4304 Nam
666 4242 740 4305 inde
753 4243 792 4303 ab
806 4242 910 4322 Opitio
926 4246 956 4302 et
971 4243 1144 4322 Frugiferis
1160 4243 1330 4306 Sodalibus
1345 4247 1377 4305 et

168 4351 354 4425 Schottelio,
365 4350 403 4412 de
419 4351 529 4431 lingua
544 4349 1012 4431 germanioaitatantummodo
1029 4350 1179 4412 decorum
1193 4357 1259 4412 erat
1275 4353 1375 4429 loqui,

168 4461 286 4540 atejus
301 4460 404 4538 primo
421 4460 626 4520 extolleretur
639 4459 824 4537 antiquitas,
839 4459 1001 4532 nobilitas,
1018 4460 1145 4521 ubertas
1162 4466 1257 4538 atque
1275 4463 1378 4521 incor-

168 4573 261 4649 rupta
281 4567 457 4648 integritas,
473 4584 681 4647 quamquam,
698 4568 826 4629 evoluta
839 4567 891 4627 vix
910 4567 1037 4647 pagina,
1053 4568 1140 4628 varia
1164 4569 1378 4630 nihilominus

169 4677 364 4764 apparebant
378 4675 415 4739 de
430 4674 542 4738 eadem
555 4674 749 4758 castiganda,
774 4674 988 4760 expurganda.
1016 4675 1241 4764 locupletanda
1265 4679 1365 4762 propo
