3462 5452
820 625 1009 728 fn.-

310 778 435 846 ririsac
450 779 655 862 potissimum
670 783 709 844 ab
732 783 770 844 iis
785 783 947 862 penderet,
968 784 1036 861 qui,
1052 779 1280 846 Academicum
1299 781 1522 866 magisterium

310 891 426 969 adepti,
446 895 547 952 totam
563 891 627 950 t'ere
642 890 874 951 humaniorum
886 891 1044 968 juvenum
1064 891 1300 953 institutionem
1329 897 1359 954 et
1381 892 1525 971 discipli-

308 1015 384 1057 nam
400 997 490 1074 quasi
507 996 540 1056 in
556 997 705 1056 manibus
718 1000 871 1056 tenerent.
896 995 999 1068 Quam
1014 1013 1124 1056 rerum
1139 998 1297 1058 rationem
1318 999 1344 1059 si
1361 999 1404 1060 ita
1417 1000 1524 1060 consi-

309 1102 480 1174 deraveris,
495 1119 562 1161 non
580 1101 697 1160 insilias
714 1102 808 1161 iveris
823 1101 968 1162 Morhoiii
985 1102 1114 1180 gravius
1133 1121 1370 1183 nonnunquam
1391 1109 1422 1164 et
1445 1122 1524 1165 one-

309 1225 420 1278 rosum
434 1225 515 1286 opus
538 1206 578 1268 ad
596 1207 815 1268 conciliandos
839 1208 968 1286 linguae
990 1209 1192 1285 germanicae
1213 1211 1374 1272 studiosos
1390 1211 1525 1290 diligen-

308 1320 419 1393 tesque
433 1315 574 1374 fautores
587 1313 744 1391 majorem
760 1314 824 1372 vim
840 1311 1001 1385 habuisse,
1017 1332 1115 1391 quam
1130 1316 1237 1393 ampla
1251 1320 1420 1394 poetarum
1435 1335 1525 1395 prae-

309 1421 403 1482 conia
418 1425 473 1480 aut
487 1419 636 1496 procacia
655 1419 857 1479 satiricorum
881 1419 1073 1496 scriptorum
1089 1420 1242 1482 carmina.

350 1526 511 1588 Audacius
527 1524 671 1603 quidem,
686 1525 874 1602 quinetiam
887 1529 1005 1585 temere
1020 1525 1164 1598 omnino,
1179 1527 1350 1604 praecipue
1366 1533 1474 1588 autem
1491 1528 1525 1588 in

309 1634 402 1694 initio
418 1632 534 1709 operis,
553 1631 744 1692 Morhofium
765 1649 833 1691 rem
849 1649 1034 1710 aggressum
1055 1649 1122 1692 esse
1140 1634 1348 1710 reputaveris,
1364 1652 1438 1695 cum
1454 1653 1525 1696 sese

310 1740 456 1818 protinus
478 1739 690 1815 probaturum
712 1738 822 1816 jactet,
854 1739 892 1798 ab
919 1738 1144 1815 antiquissimo
1167 1757 1313 1801 sermone
1338 1741 1524 1818 germanico

309 1864 457 1926 graecam
472 1845 616 1924 linguam
631 1846 750 1922 pariter
763 1862 799 1906 ac
811 1845 945 1905 latinam
960 1845 1117 1922 originem
1129 1844 1261 1918 ducere;
1284 1847 1388 1924 reipsa
1401 1852 1522 1922 autem,

309 1959 345 2014 ut
361 1971 437 2014 mox
457 1952 586 2030 planius
609 1953 786 2028 apparebit,
810 1951 873 2012 huc
898 1951 1068 2011 revertitur
1090 1955 1156 2012 tota
1177 1953 1246 2030 ejus
1265 1953 1464 2032 disceptatio,
1488 1960 1525 2014 ut

309 2065 412 2120 mutto
425 2058 621 2118 moderatius
635 2057 807 2118 concludat
820 2058 985 2135 lirmisque
1001 2058 1198 2134 argumentis
1219 2062 1314 2135 atque
1330 2064 1402 2137 apte
1418 2059 1523 2120 allatis

309 2165 463 2242 exemplis
477 2163 684 2235 demonstret,
701 2162 787 2240 quod
816 2168 851 2222 ut
878 2163 1032 2222 infitietur
1056 2180 1151 2222 nemo
1174 2169 1257 2223 certe
1286 2169 1396 2225 nostra
1420 2169 1524 2226 aetate

309 2270 499 2341 committet,
517 2269 667 2329 omnibus
682 2269 752 2328 istis
766 2269 950 2347 linguarum
965 2270 1132 2346 speciebus
1143 2287 1245 2331 unum
1259 2275 1290 2331 et
1302 2288 1521 2344 communem,

309 2378 481 2438 barbarum
497 2375 629 2447 scilicet,
647 2375 746 2436 luisse
761 2377 893 2436 sontem.

349 2486 457 2561 Neque
475 2500 550 2542 vero
566 2482 835 2555 obliviscendum,
859 2501 896 2542 ea
920 2499 1013 2559 quae,
1030 2486 1067 2542 ut
1084 2481 1177 2542 nobis
1191 2481 1287 2543 hodie
1308 2481 1444 2556 videtur,
1461 2484 1524 2547 im-

308 2591 446 2664 modice,
462 2608 502 2651 ne
518 2590 623 2650 dicam
639 2589 787 2664 absurde,
813 2589 926 2649 asserit
948 2589 1041 2649 initio
1066 2587 1249 2662 Morhotius,
1267 2607 1285 2648 a
1310 2590 1421 2650 multis
1435 2590 1523 2650 illius

308 2701 432 2772 aetatis,
449 2703 480 2758 ct
495 2697 721 2758 eruditissimis
737 2696 879 2774 quidem,
901 2695 976 2755 viris
992 2695 1090 2756 luisse
1107 2695 1191 2755 ultro
1208 2696 1349 2756 admissa
1367 2703 1399 2756 ct
1424 2698 1520 2775 plane

309 2809 487 2866 asseverata
503 2807 556 2883 tl),
580 2804 663 2862 inter
685 2821 765 2880 quos
786 2803 930 2881 primum
946 2803 1069 2864 obtinet
1092 2804 1200 2863 locum
1215 2804 1402 2878 Leibnitius,
1418 2805 1470 2865 cui
1485 2804 1523 2866 de

309 2913 472 2974 teutonica
487 2911 609 2988 origiue
625 2927 756 2988 graecae
777 2913 807 2970 et
827 2910 943 2970 latinae
959 2909 1087 2987 linguae
1107 2927 1276 2988 nunquam
1299 2910 1434 2971 dubium
1450 2911 1520 2972 luit.

347 3022 431 3093 Quin
448 3020 545 3080 etiam
561 3020 679 3096 eaipsa
703 3018 960 3078 asseveratioune
984 3019 1086 3077 mutto
1108 3018 1209 3094 magis
1231 3034 1328 3095 quam
1354 3019 1465 3078 ceteris
1491 3024 1521 3079 et

309 3129 459 3190 scientiae
472 3133 502 3187 et
515 3126 709 3186 inventionis
725 3125 847 3186 meritis
861 3124 945 3203 apud
969 3125 1058 3184 iltius
1079 3126 1191 3184 aetatis
1218 3125 1365 3186 homiues
1386 3127 1523 3204 gratiam

309 3239 448 3299 obtinuit
465 3235 698 3296 Morhotianum
715 3250 794 3310 opus
813 3237 852 3305 et,
871 3250 945 3292 curn
965 3233 1085 3291 multos
1101 3249 1157 3308 per
1176 3249 1277 3292 annos
1296 3234 1524 3294 extollerentur

309 3346 378 3425 ejus
394 3343 530 3404 eruditio
547 3340 741 3418 rariorisque
754 3339 916 3400 doctrinae
930 3338 1033 3416 copia,
1052 3338 1126 3399 idei
1144 3339 1350 3416 potissimum
1371 3340 1461 3400 laudi
1476 3347 1523 3402 est

309 3454 432 3525 datum,
449 3450 535 3530 quod
555 3451 680 3509 insueta
702 3464 844 3525 eousque
866 3447 1055 3508 auctoritate
1082 3447 1299 3524 germanicam
1321 3446 1465 3526 linguam
1489 3448 1523 3508 in

310 3580 368 3623 sua
381 3562 454 3639 jura
467 3557 658 3618 restituisset
673 3555 947 3631 manifestumque
973 3553 1102 3614 landem
1118 3554 1255 3626 lecisset,
1270 3555 1309 3614 ab
1325 3571 1363 3614 ea
1374 3571 1523 3634 graecam

309 3669 508 3744 latinamque
529 3666 655 3744 linguas
669 3679 738 3722 csse
755 3660 907 3722 oriundas
923 3662 977 3740 (i).

350 3776 438 3836 Erret
453 3779 561 3834 tamen
576 3769 667 3832 valde
685 3768 740 3848 qui
763 3767 924 3829 existimet
945 3765 1147 3841 Morhofium,
1171 3767 1314 3830 classicis
1335 3767 1461 3842 titteris,
1487 3774 1523 3832 ui

311 3949 772 3964 Wan-

341 4072 377 4143 (t)
395 4073 432 4127 ct.
448 4075 564 4144 longam,
580 4079 701 4145 quumvis
715 4075 866 4132 inchoatam
881 4078 994 4137 tentum,
1005 4088 1095 4128 aarum
1110 4075 1336 4128 enumerationem
1348 4072 1419 4141 apud
1432 4071 1520 4124 Ornoi·

308 4173 385 4236 sium,
408 4173 565 4225 Grr'indlielre
586 4176 735 4240 Areler'luup,
758 4188 784 4240 p.
802 4176 860 4224 toi.
881 4195 911 4210 -
928 4175 986 4240 lpse
1007 4171 1141 4224 iohannes
1165 4171 1231 4234 lbra,
1246 4169 1337 4223 Ultilaa
1352 4169 1522 4223 doctissimus

307 4271 391 4323 editor
403 4274 429 4322 et
442 4276 634 4323 commentator
647 4271 823 4332 (litii-lilla),
836 4269 934 4336 ubique
947 4281 1072 4336 graecum
1081 4281 1228 4321 sermonem
1242 4269 1351 4336 perinde
1364 4280 1395 4320 aa
1409 4265 1532 4318 latinum·

307 4381 323 4419 a
337 4368 424 4434 gotico
437 4367 539 4418 derivat
554 4369 685 4431 tliaumcr,
702 4380 728 4435 p.
744 4369 813 4424 itii).

340 4463 377 4532 (2)
396 4461 433 4515 ci.
452 4463 595 4526 Fabricius,
623 4463 737 4515 Historia
762 4461 924 4516 bibliotecae
939 4459 1106 4525 Fabrieieaae,
1124 4459 1165 4526 tu,
1182 4465 1231 4516 itti
1242 4459 1381 4528 ettoellar,
1400 4457 1531 4514 elam

309 4563 438 4629 litterata,
454 4561 496 4626 tlt,
512 4563 559 4614 illi
576 4573 635 4634 sqq.
653 4565 679 4618 et
692 4547 832 4630 iteicbsrd,
854 4561 963 4616 Verruci
982 4562 1052 4615 einer
1066 4561 1178 4614 Historia
1191 4561 1386 4624 claremaus„
1409 4561 1521 4632 spe-aci·

308 4657 392 4728 bullit.
407 4673 432 4732 p.
448 4661 573 4728 iol-iao.
