3462 5452
677 643 861 723 ‚45-

159 799 303 876 apparel,
323 793 523 872 Morhotium,
549 801 584 860 ut
608 797 744 880 henigne
765 819 888 878 semper
912 796 949 861 de
966 795 1082 880 gallica
1106 797 1216 880 lingua
1233 803 1264 862 et
1279 804 1372 882 gente

159 907 316 984 loquitur,
336 911 366 966 et
388 911 555 985 utramque
579 925 678 984 prope
697 909 793 985 plena
812 907 906 968 laude
928 910 1082 980 cumulat,
1109 909 1153 968 ita
1179 910 1371 968 severiorem

157 1013 225 1091 Jam
250 1013 330 1085 fieri,
354 1013 408 1071 ubi
425 1012 463 1072 de
480 1013 587 1073 italico
605 1031 750 1074 sermone
768 1018 851 1091 agat,
870 1033 906 1074 ac
922 1014 987 1074 lere
1004 1015 1135 1074 omnino
1153 1017 1234 1075 male
1252 1015 1291 1075 de
1306 1015 1373 1074 his-

160 1119 278 1197 panico
293 1119 486 1178 existimare.

199 1227 321 1304 lnjuste
335 1230 441 1286 tamen
464 1226 569 1300 iaciat,
591 1228 645 1304 qui
665 1245 739 1288 eum
762 1233 885 1307 arguat,
911 1229 1001 1306 quasi
1022 1229 1123 1289 nimio
1145 1228 1372 1307 Francogallo-

161 1352 232 1394 rum
253 1333 360 1393 studio
381 1334 550 1411 impulsus,
572 1335 632 1393 ista
653 1337 767 1395 mentis
790 1336 945 1412 pravitate
971 1335 1084 1395 luisset
1103 1336 1256 1408 imbutus,
1278 1352 1375 1413 quam

163 1466 178 1497 «
194 1442 389 1520 gallomanie
407 1465 420 1495 »
440 1442 604 1518 appellant
623 1446 654 1501 et
669 1461 731 1520 qua
750 1443 881 1520 plurimi
903 1459 939 1501 ea
960 1447 1062 1502 aetate
1082 1442 1229 1502 Germani
1250 1443 1375 1501 labora-

161 1549 257 1621 bant;
282 1566 357 1607 nam
381 1549 434 1607 vix
456 1565 650 1626 quemquam
672 1549 828 1621 invenias,
850 1549 905 1627 qui
926 1567 983 1626 pro
1006 1551 1188 1628 germanica
1211 1550 1324 1628 lingua
1345 1553 1376 1610 et

159 1655 343 1733 germanico
368 1673 454 1714 more
479 1660 589 1714 contra
610 1656 790 1732 pervicaces
816 1656 1035 1734 francogallici
1056 1656 1212 1716 sermonis
1236 1661 1267 1716 et
1292 1674 1371 1715 usus

160 1768 334 1823 sectatores
352 1766 382 1821 et
404 1761 544 1822 fautores
568 1763 674 1822 acrius
693 1763 894 1840 pugnaverit.

199 1869 426 1947 Francogallos
449 1873 594 1929 auctores
616 1869 758 1946 profecto
781 1871 916 1930 multum
938 1888 974 1929 ac
990 1888 1082 1947 saepe
1107 1869 1278 1931 adhibuit:
1297 1871 1376 1948 quid

163 1977 291 2048 mirum,
308 1977 332 2034 si
347 1976 499 2052 respicias
514 1975 599 2052 apud
613 1993 667 2035 eos
681 1993 780 2053 prope
796 1977 881 2035 solos
895 1980 962 2036 tum
983 1977 1142 2036 exstitisse
1153 1977 1268 2050 sontes,
1286 1977 1372 2038 unde

161 2081 290 2158 linguas
303 2081 482 2140 romanicas
499 2081 703 2159 investiganti
717 2081 845 2141 haurire
861 2083 971 2142 liceret
985 2083 999 2141 ‘l
1021 2084 1134 2142 Eorum
1152 2083 1284 2160 insuper
1300 2100 1375 2143 auc-

166 2187 326 2246 toritatem
347 2187 476 2245 maximi
503 2203 627 2263 semper
648 2188 741 2264 pretii
766 2187 842 2247 lecit
865 2193 960 2266 atque
984 2188 1018 2247 in
1041 2206 1151 2248 eorum
1180 2189 1369 2249 sententiam

164 2292 356 2369 plerumque
373 2293 531 2352 concessit
548 2310 726 2370 :nusquam
743 2298 861 2354 temere
881 2294 992 2353 saltem
1013 2299 1068 2354 aut
1088 2295 1283 2367 inconsulto,
1299 2312 1373 2356 cum

165 2401 291 2458 constet
305 2397 367 2457 hoc
383 2398 410 2458 ei
425 2415 549 2474 semper
563 2399 752 2475 praecipuae
769 2417 863 2458 curae
879 2399 990 2470 fuisse,
1001 2404 1036 2459 ut
1051 2417 1162 2458 omnes
1179 2399 1217 2459 de
1232 2401 1377 2476 qualibet

167 2507 355 2583 quaestione
371 2507 512 2582 prolatas
528 2506 706 2582 opiniones
734 2507 759 2565 si
785 2506 880 2566 modo
901 2506 1018 2583 aliquis
1038 2505 1076 2565 ad
1096 2523 1149 2566 eas
1169 2506 1273 2566 aditus
1289 2512 1377 2584 pate-

163 2616 221 2686 ret,
238 2610 351 2671 scdulo
368 2613 533 2690 colligeret
550 2629 587 2671 ac
606 2613 704 2689 probe
721 2616 903 2690 exponeret,
920 2630 980 2671 nec
996 2613 1024 2672 ei
1048 2613 1146 2671 ullam
1159 2630 1223 2693 ¹seu
1243 2631 1281 2672 ex
1295 2613 1379 2680 tran,

82 2771 86 2780 .
162 2719 339 2798 cogalliciS,
367 2737 424 2779 seu
453 2737 492 2779 ex
513 2720 625 2779 ceteris
648 2719 833 2779 auctoribus
862 2719 1063 2796 desumptam
1087 2720 1289 2792 sententiam,
1313 2718 1377 2779 nisi

166 2827 222 2887 diu
251 2843 287 2886 ac
316 2827 486 2905 diligenter
513 2843 713 2904 perpensam,
746 2830 870 2886 servata
897 2844 998 2903 usque
1024 2825 1226 2887 discernendi
1253 2827 1377 2906 integra

163 2934 403 3011 aequabilitate,
424 2934 594 3010 placuisse.

200 3042 301 3101 lnrmo
314 3059 381 3101 non
394 3057 492 3118 parva
508 3040 535 3100 ei
552 3041 622 3099 laus
638 3043 685 3100 est
700 3039 880 3115 tribuenda,
905 3038 991 3117 quod
1006 3057 1045 3099 ex
1066 3044 1113 3099 tot
1138 3044 1167 3100 ct
1183 3047 1247 3101 tam
1263 3040 1372 3113 variiS,

162 3165 255 3225 saepe
277 3148 377 3223 falsis,
401 3164 635 3225 nonnunquam
657 3146 807 3206 inanibus
835 3145 1007 3223 delirisque
1032 3148 1226 3225 conjecturis
1247 3152 1278 3208 et
1298 3148 1374 3208 ella-

161 3255 270 3330 tis(l),
295 3254 450 3332 quaedam
472 3272 546 3314 cum
569 3271 643 3313 vera
659 3251 821 3313 doctrinae
841 3253 964 3313 ratione
986 3255 1087 3332 magis
1111 3257 1321 3333 congruentia
1345 3260 1375 3316 et

162 3361 286 3420 cunctis
313 3361 443 3420 meliore
469 3377 575 3420 rerum
598 3360 780 3437 cognitione
806 3360 938 3420 imbutis
960 3361 1036 3420 viris
1058 3361 1192 3438 posthac
1211 3362 1376 3440 probanda

162 3469 310 3550 expedire
327 3472 423 3545 atque
443 3467 476 3526 in
492 3467 595 3527 lucem
612 3466 754 3544 prolerre
774 3468 921 3540 valuerit,
943 3485 980 3527 eo
1004 3485 1117 3545 usque,
1135 3469 1202 3547 jam
1224 3470 1280 3530 illo
1300 3475 1379 3531 tem·

161 3597 250 3659 pore,
271 3578 365 3637 etiam
390 3591 587 3652 progressus,
614 3577 649 3633 ut
671 3573 844 3651 praecipua
866 3573 903 3634 de
925 3574 1045 3652 linguis
1062 3575 1233 3636 romanicis
1257 3577 1377 3654 placita

162 3685 351 3766 perspicuus
366 3685 557 3759 proponeret
571 3697 608 3740 ac
624 3679 739 3739 diserte
754 3681 914 3757 probaret,
937 3697 1029 3758 quae,
1051 3681 1169 3742 multos
1187 3700 1298 3743 rursus
1315 3701 1374 3762 per

163 3811 263 3854 aunos
287 3795 356 3850 tum
380 3787 525 3866 neglecta
548 3790 603 3846 aut
627 3786 806 3860 obscurata,
834 3791 903 3846 tum
928 3788 1059 3848 omnino
1088 3793 1301 3858 controversa¹
1321 3794 1378 3852 aut

161 3902 286 3978 negata,
303 3898 376 3973 post
396 3893 459 3953 duo
477 3893 605 3953 saecula
626 3897 750 3953 tantum
769 3893 903 3955 certiore
920 3897 950 3954 et
970 3893 1079 3955 adulta
1096 3894 1224 3957 tandem
1247 3901 1376 3959 nostrae

162 4005 274 4070 aetatis
300 4002 444 4065 doctrina
470 4001 565 4080 plane
592 4001 780 4063 confirmata
809 4018 845 4063 ac
873 4002 1034 4064 definitive
1057 4002 1185 4067 demum
1202 4007 1377 4070 constituta

165 4117 248 4178 sunt.

894 4285 946 4299 Η,
969 4285 1141 4303 mm„
1252 4289 1286 4303 ..
1311 4289 1367 4306 ,-

194 4401 230 4462 tt)
251 4401 287 4452 De
300 4401 382 4466 longa
393 4399 538 4451 istiusmodi
554 4412 670 4450 errorum
682 4401 757 4460 serie,
774 4398 808 4450 cl.
824 4400 961 4464 Potamia,
975 4398 1003 4452 Τ.
1022 4400 1042 4462 t,
1055 4398 1110 4453 Lib.
1128 4414 1163 4460 vv,
1180 4416 1241 4469 cap.
1256 4405 1280 4464 l,
1296 4403 1350 4468 §tt
1368 4414 1374 4465 ς

160 4490 268 4559 ancara,
285 4489 398 4546 Historia
412 4491 674 4561 stadiletpmoloyz'ci.
689 4509 714 4560 p.
729 4498 805 4547 tuso
817 4509 848 4548 ao
863 4498 1004 4564 praecipue
1020 4496 1114 4563 luchs,
1131 4496 1370 4556 nicromanticum

162 4590 303 4662 Sprortea,
319 4603 346 4659 p.
359 4590 434 4645 tlt.
