3446 5452
660 583 696 604 ··
733 539 872 624 lor-

154 691 256 760 umal
277 693 504 777 sipiificaverit
519 699 599 778 quot
613 700 644 761 et
659 701 779 781 quanta
793 703 983 780 argumenta
996 697 1121 764 enidito
1137 697 1208 764 viro
1218 717 1271 766 eas
1283 717 1376 768 acon·

152 810 221 867 rate
235 805 412 884 inquirenti
429 811 459 866 et
473 825 531 885 pro
546 807 661 869 merito
674 809 856 886 respicienti
872 806 1068 888 suppeditari
1084 815 1226 887 possent.

194 915 259 974 llas
271 913 360 974 enim
374 915 562 976 vernaculas
584 916 743 976 sermonis
763 915 884 994 species
911 933 1040 977 summa
1064 916 1183 994 injuria
1206 920 1242 975 ut
1257 934 1275 976 a
1289 916 1374 978 litte-

150 1018 228 1081 ratis
244 1020 323 1080 viris
338 1018 470 1098 despici,
487 1021 532 1081 ita
546 1022 585 1081 ab
601 1023 794 1102 etymologis
806 1022 937 1102 negligi,
955 1022 1042 1085 dolet
1053 1024 1168 1084 merito
1180 1023 1368 1096 llorholius,

153 1128 373 1189 invalescente
386 1129 488 1206 magis
502 1147 539 1190 ac
554 1131 657 1208 magis
674 1131 707 1189 in
723 1130 791 1190 dies
805 1148 903 1208 prava
918 1131 1080 1208 opinione,
1096 1131 1141 1191 eis
1156 1130 1239 1190 nihil
1255 1131 1372 1204 inesse,

150 1236 212 1296 nisi
230 1236 474 1314 corruptionem
496 1240 527 1296 et
550 1236 818 1298 deformationem
843 1237 1018 1315 quamdam
1041 1239 1187 1299 cultioris
1215 1238 1370 1317 linguae3

152 1344 241 1424 quod
257 1350 368 1405 tamen
386 1345 481 1422 longe
496 1363 588 1406 secus
604 1345 656 1417 sit,
684 1351 894 1406 cumcontra
920 1345 1000 1406 haec
1026 1346 1094 1423 ipsa
1119 1345 1237 1407 cultior
1262 1345 1374 1422 lingua

152 1453 238 1515 nihil
254 1452 344 1513 aliud
359 1454 409 1524 sit,
427 1453 489 1512 nisi
504 1458 570 1514 arte
596 1458 793 1514 exstructum
813 1458 844 1513 et
859 1453 950 1530 quasi
978 1471 1017 1512 ex
1038 1457 1131 1530 pacto
1158 1470 1195 1514 ac
1216 1454 1373 1513 convento

152 1563 318 1642 paulatim
333 1562 544 1622 constitutum
558 1562 678 1639 eloquii
691 1579 803 1640 genus,
822 1561 934 1637 inquo
950 1559 1030 1620 nihil
1047 1561 1185 1638 reperias
1201 1559 1288 1638 quod
1308 1577 1374 1620 non

151 1669 262 1732 multo
287 1669 399 1746 purius
421 1669 613 1746 praestiterit
641 1670 782 1747 vulgaris
805 1686 951 1746 quaeque
980 1668 1147 1729 dialectus.
1171 1670 1205 1728 ln
1228 1668 1374 1730 dialectis

152 1777 245 1839 enim
259 1780 383 1836 nonest
397 1776 513 1835 infitias
530 1775 673 1836 eundum
686 1793 778 1836 veros
799 1777 872 1853 puri
898 1780 929 1835 et
951 1776 1065 1854 integri
1088 1777 1246 1836 sermonis
1268 1777 1374 1854 cnjus.-

152 1902 221 1962 que
236 1883 342 1944 iontes
358 1882 413 1955 (li,
430 1887 461 1944 et
475 1883 595 1960 eloquii
613 1882 872 1960 antiquissimam
901 1882 1059 1962 originem
1082 1883 1370 1959 fidelissimamque

153 1991 335 2068 imaginem
349 1994 504 2068 perpetuo
521 2007 649 2049 manere
664 1991 728 2064 (2);
747 1990 779 2048 in
798 1989 842 2049 eis
859 1989 956 2066 igitur
971 1990 1145 2066 genuinam
1161 1989 1291 2066 linguae
1308 1989 1373 2048 lor·

153 2115 246 2158 mam
261 2097 351 2157 initio
367 2097 548 2174 proximam
563 2101 593 2156 et
608 2097 646 2156 ab
660 2097 750 2156 omni
766 2098 894 2157 macula
920 2100 952 2156 et
966 2097 1157 2174 contagione
1172 2096 1370 2156 tutissimam

154 2203 287 2264 retineri
303 2203 359 2276 (3).
376 2203 467 2272 Hinc,
479 2207 595 2262 natura
612 2201 673 2262 hoc
691 2203 735 2262 ita
750 2207 973 2280 comparatum
988 2207 1046 2274 cst,
1061 2207 1098 2262 ut
1110 2202 1189 2262 rude
1202 2206 1234 2262 et
1247 2205 1373 2281 agreste

154 2309 285 2372 dicendi
300 2327 401 2387 genus
416 2310 448 2369 in
464 2309 553 2369 omni
575 2309 705 2387 regione
728 2310 856 2370 exculto
881 2313 912 2370 et
939 2310 1062 2369 urbano
1084 2308 1308 2386 praecurrerit,
1327 2312 1370 2381 et,

155 2423 191 2478 ul.
207 2415 380 2476 Morholius
395 2416 631 2492 optimenotat,
657 2441 671 2470 α
688 2417 749 2476 Der
769 2416 870 2476 Bauer
894 2417 934 2475 ist
962 2417 1021 2476 elie
1047 2433 1206 2494 gewesen,
1232 2415 1290 2476 che
1315 2413 1373 2474 der

155 2523 243 2583 wohl
271 2523 399 2583 beredte
429 2523 610 2594 Hollmann,
639 2523 705 2582 und
732 2523 841 2584 wiirde
869 2522 973 2583 dieser
1007 2523 1100 2583 keine
1134 2523 1375 2584 Beredsamleit

154 2629 272 2701 haben,
301 2646 394 2688 wenn
420 2629 510 2689 nicht
537 2629 587 2689 die
611 2630 734 2689 Bauren
756 2647 812 2689 vor
837 2629 904 2689 ihm
932 2629 1061 2708 genedet
1087 2629 1205 2689 haetten
1228 2629 1295 2689 und
1320 2628 1372 2688 die

158 2734 298 2813 Spracha
328 2735 464 2796 machen
485 2736 603 2796 helllen
619 2759 633 2789 »
649 2736 702 2814 (l);
728 2736 828 2807 illinc,
855 2737 1046 2796 vernaculae
1070 2737 1198 2814 linguae
1226 2735 1306 2796 haec
1328 2738 1375 2796 est

156 2843 328 2920 peculiaris
344 2843 546 2920 agnoscenda
560 2844 672 2916 virtus,
698 2842 785 2922 quod
802 2844 941 2903 externis
957 2844 1130 2904 momentis
1147 2849 1178 2903 et
1193 2843 1373 2921 peregrinis

156 2949 415 3009 mutuationibus
440 2949 473 3009 in
502 2967 630 3027 quoque
656 2955 799 3028 tompore
822 2951 927 3010 multo
955 2951 1063 3010 minus
1095 2950 1247 3022 obnoxia,
1274 2968 1373 3028 qnam

156 3063 346 3140 politiorum
361 3061 532 3122 hominum
548 3077 665 3133 sermo,
684 3060 761 3132 fuit3
778 3059 863 3119 unde
878 3060 912 3118 tit
927 3063 962 3119 nt
977 3058 1098 3136 patriae
1111 3058 1240 3135 linguae
1253 3057 1374 3136 efligies

158 3169 262 3228 multo
282 3166 426 3228 tenacius
442 3165 481 3225 ab
504 3183 540 3225 ea
559 3167 600 3225 sit
614 3172 737 3226 servata
753 3165 807 3244 (ὃ).

195 3274 385 3352 Vulgarinm
405 3276 514 3333 autem
537 3289 724 3332 sermonum
738 3277 843 3349 partes
863 3271 926 3331 hoc
941 3275 1072 3331 strenuo
1087 3274 1119 3329 el
1138 3269 1247 3330 lidenti
1263 3269 1372 3329 animo

157 3381 345 3458 amplexum
359 3378 474 3439 merita
489 3363 584 3439 laud'e
597 3397 711 3440 ornare
727 3378 834 3452 decet;
854 3379 973 3456 quippe
991 3378 1046 3455 qui
1067 3394 1137 3438 rem
1153 3376 1316 3455 professus
1332 3378 1373 3436 sit

159 3506 195 3549 ac
209 3488 333 3547 fortiter
347 3484 535 3557 defenderit,
551 3503 617 3545 non
641 3484 739 3546 modo
762 3503 780 3544 a
800 3485 900 3545 nullis
924 3501 1024 3561 paene
1051 3488 1146 3543 antea
1165 3481 1296 3554 dictam,
1317 3481 1372 3543 sed

160 3595 258 3654 etiam
282 3592 449 3652 communi
477 3590 645 3651 doctorum
673 3591 762 3651 illius
784 3591 897 3650 aetatis
918 3589 1074 3661 virorum,
1104 3588 1158 3665 qui
1184 3588 1372 3662 vernaculas

161 3702 288 3779 linguas
300 3699 434 3760 mirifice
445 3698 705 3768 contemnebant,
722 3697 868 3775 opinioni
881 3695 1087 3757 contrariam.
1097 3695 1185 3755 Unus
1194 3693 1281 3754 enim
1294 3693 1371 3767 lere,

159 3811 286 3886 praeter
299 3823 386 3878 curn,
402 3805 610 3884 Claubergius
625 3805 670 3881 (6)
685 3803 812 3865 videtur
824 3803 972 3875 sensisse,
989 3804 1147 3879 quantum
1163 3800 1237 3860 illae
1259 3799 1299 3860 ad
1320 3801 1373 3859 fir-

195 4105 232 4176 (l)
252 4103 321 4173 Uul„
338 4115 379 4163 5⁰.

193 4207 228 4268 (2)
248 4206 324 4268 ibid„
343 4208 465 4258 lot-lot.

193 4301 228 4364 (a)
248 4300 324 4363 rara,
338 4303 424 4352 so-ro.

195 4395 233 4459 (i)
252 4394 327 4453 ltili..
341 4397 384 4446 79.

195 4489 235 4553 1⁵)
251 4488 328 4550 utu,
345 4491 436 4540 ss-rc.

195 4583 232 4656 (tr
250 4584 287 4637 cl.
311 4587 433 4656 quartum
456 4583 514 4655 ejus
528 4585 656 4657 Regulam
670 4588 696 4640 in
711 4587 781 4650 unt..
793 4589 851 4642 tat.
868 4613 897 4628 -
920 4585 1126 4642 llorsdoerlterus
1140 4599 1247 4662 quoque
1259 4601 1290 4642 eo
1302 4590 1369 4666 tem·
