3446 5452
663 636 804 715 ..185
831 685 876 696 -.

186 787 386 848 Leibnitium
414 788 543 865 quidem
571 791 609 849 ab
635 790 766 851 edendis
795 791 957 869 operibus,
982 809 1065 868 quae
1101 793 1139 853 de
1166 792 1371 854 reformanda

141 893 260 972 lingua
274 895 456 972 germanica
469 903 705 973 composuerat,
723 899 762 958 oh
780 916 848 958 eam
863 916 992 958 causam
1008 899 1201 960 abstinuisse
1217 899 1368 959 nonnulli

143 1006 358 1075 censuerunt,
375 1003 451 1080 quia
466 1021 502 1062 eo
519 1004 666 1066 instituto
683 1023 762 1065 usus
786 1006 837 1077 sit,
854 1009 892 1065 ul
911 1005 1002 1065 nulla
1025 1006 1088 1065 nisi
1110 1007 1211 1066 latino
1227 1010 1284 1066 aut
1307 1005 1372 1083 gal-

142 1107 209 1168 lico
226 1126 376 1168 sermone
392 1111 573 1186 conscripta
587 1112 696 1187 palam
710 1112 837 1183 laceret,
852 1111 901 1171 his
916 1115 1042 1171 tantum
1058 1113 1180 1190 linguis
1196 1116 1369 1190 conceptas

144 1215 325 1275 sententias
348 1220 435 1275 ratus
458 1217 520 1275 late
543 1218 712 1294 propagari
736 1223 767 1277 et
789 1221 873 1277 recte
898 1218 1066 1294 provenire
1092 1234 1187 1294 posse
1208 1218 1263 1294 ll).
1287 1218 1326 1277 ht
1345 1219 1371 1277 si

140 1325 235 1382 tanto
252 1321 469 1382 restituendae
484 1323 607 1400 patriae
622 1324 751 1401 linguae
766 1310 872 1384 studio
889 1325 1038 1402 flagraret
1053 1330 1083 1386 et
1098 1325 1159 1403 ipsi
1183 1331 1292 1386 tamen
1308 1326 1370 1385 lin-

142 1445 241 1504 guae,
259 1444 356 1504 quam
382 1427 464 1486 tueri
490 1427 683 1502 decreverat,
706 1433 831 1489 tantum
853 1429 1019 1502 diffideret,
1042 1449 1100 1490 cur
1124 1449 1206 1508 quae
1226 1430 1371 1491 studiose

142 1553 182 1594 ac
195 1535 344 1594 sollerter
357 1534 395 1594 de
409 1552 445 1594 ea
460 1535 695 1612 excogitaverat
707 1536 756 1595 vel
773 1536 890 1614 gallico
913 1555 1071 1610 sermone,
1089 1542 1124 1597 ut
1141 1556 1237 1597 suum
1252 1538 1371 1597 librum

142 1638 322 1699 Nouoeaue
345 1638 452 1698 Esscis
479 1641 635 1718 aliosque,
661 1643 710 1702 vel
740 1643 851 1713 latino,
879 1646 915 1702 ut
942 1661 1033 1702 suam
1062 1642 1189 1702 Brevem
1219 1641 1370 1722 Designa-

145 1744 260 1804 tloaem
283 1746 409 1822 aliaque
432 1747 533 1805 multa
556 1765 662 1824 opera,
688 1748 721 1807 in
748 1749 853 1807 lucem
876 1766 942 1807 non
966 1750 1127 1826 protulit?
1147 1750 1372 1810 Germanicam

143 1852 295 1930 linguam
311 1852 410 1912 latina
425 1853 537 1931 lingua
554 1859 664 1914 contra
677 1855 861 1931 pervicaces
877 1857 1082 1933 antiquarum
1105 1857 1286 1917 litterarum
1306 1856 1375 1917 fau-

143 1964 230 2021 tores
254 1960 425 2021 delendere
449 1980 629 2040 aggressus
647 1980 713 2022 non
728 1963 920 2022 insolentius
941 1964 1085 2040 profecto
1110 1964 1248 2035 fecisset,
1276 1981 1373 2041 quam

146 2067 284 2126 Dantius
300 2067 332 2126 in
353 2084 410 2127 suo
431 2068 540 2128 libello
557 2065 602 2127 De
615 2047 740 2148 culpari
759 2067 791 2127 E
794 2066 953 2148 loquentia
970 2073 1001 2128 et
1015 2069 1139 2145 Opilius
1154 2070 1187 2127 in
1211 2087 1269 2128 suo
1289 2066 1374 2127 Aris·

149 2173 259 2233 lorche
285 2175 426 2249 patrium
453 2192 637 2235 sermonem
663 2176 701 2235 ah
731 2175 842 2252 iniquo
873 2175 994 2234 civium
1022 2192 1156 2234 suorum
1185 2179 1373 2252 contemptu

149 2281 252 2341 latina
268 2281 378 2359 lingua
393 2280 556 2341 vindicare
572 2283 689 2342 conati.

187 2389 315 2465 Optime
332 2387 463 2465 quidem
479 2389 627 2448 Leibnitii
644 2387 755 2448 laudes
770 2387 956 2465 praedicare
981 2388 1041 2445 sihi
1057 2389 1144 2446 visus
1167 2389 1215 2446 est
1236 2386 1375 2445 Riicker-

148 2497 226 2567 tiuS,
242 2513 315 2554 cum
331 2495 411 2554 haec
426 2494 464 2554 de
480 2500 616 2572 utroque
633 2495 743 2555 libello
759 2495 880 2555 diceret
897 2513 903 2554 :
922 2519 937 2548 a
954 2493 1074 2554 Gerade
1092 2493 1224 2552 deshalh
1239 2491 1311 2552 sind
1328 2492 1374 2552 sie

149 2603 226 2662 aber
242 2618 299 2660 um
312 2618 346 2661 so
363 2600 669 2678 hedeutungsvoller
681 2601 734 2661 fiir
746 2602 887 2661 Leihnitz
905 2601 1004 2661 selhst
1017 2599 1083 2660 und
1100 2600 1153 2659 fiir
1166 2598 1217 2658 die
1233 2599 1374 2658 Entwic-

150 2709 254 2786 hlung
267 2707 323 2766 der
335 2707 512 2768 deutschen
529 2709 680 2785 Sprache,
698 2709 770 2768 weil
794 2708 850 2767 der
864 2707 955 2766 darin
971 2706 1149 2784 gewiesene
1166 2706 1270 2783 einzig
1287 2721 1374 2764 vers-

149 2814 400 2893 tandesrichtige
414 2816 494 2893 Weg
506 2832 569 2874 von
582 2814 638 2874 der
652 2815 791 2892 Sprache
815 2815 925 2885 selbst,
943 2813 1020 2873 oder
1038 2831 1100 2872 von
1117 2812 1174 2872 der
1189 2813 1255 2872 Zeil
1281 2811 1375 2872 wirk-

149 2921 215 2981 lich
229 2921 476 3000 eingeschlagen
488 2921 618 2981 worden
634 2923 684 2994 ist,
696 2921 779 2981 ohne
794 2921 866 2980 dass
882 2919 932 2980 die
946 2921 1114 2980 huleritaet
1127 2919 1182 2980 des
1192 2919 1373 2998 Propheten

153 3027 247 3087 dahel
264 3027 374 3106 irgend
389 3028 535 3088 welchen
550 3029 687 3087 Einssuss
703 3027 821 3105 gehabt
836 3027 930 3087 haette
948 3050 962 3080 n
980 3029 1034 3102 (ᾖ).

189 3136 257 3194 Hoc
273 3135 392 3212 potiuS,
409 3136 642 3196 necimmerito
659 3153 746 3205 sane,
764 3133 838 3194 inde
858 3132 1120 3194 concludendum
1144 3151 1213 3193 esse
1237 3133 1372 3192 sortasse

150 3240 360 3318 reputaveris,
378 3241 463 3318 quod
479 3242 547 3318 ipse
561 3242 752 3302 Riickertius
770 3240 809 3301 ad
828 3241 978 3300 ultimum
1000 3259 1066 3300 non
1078 3244 1184 3317 potest
1206 3241 1285 3318 quin
1301 3258 1375 3300 con-

151 3350 289 3419 fiteatur,
306 3371 320 3402 «
339 3348 407 3425 ipsa
427 3348 576 3408 Leihnitii
591 3365 699 3425 opera,
718 3349 773 3407 illo
788 3352 942 3424 tempore,
967 3347 1048 3406 nihil
1070 3346 1109 3406 ad
1134 3345 1373 3406 emendandam

151 3455 281 3533 linguae
297 3455 498 3532 germanicae
514 3454 731 3514 conditionem
751 3454 928 3513 contulisse
941 3476 955 3506 »
966 3455 1020 3526 (3),
1040 3453 1231 3512 Morholium
1248 3457 1371 3524 contra,

151 3579 275 3640 graves
293 3578 375 3637 quae
396 3561 444 3620 vel
459 3560 498 3620 ad
515 3561 655 3620 diversas
672 3561 798 3638 linguas
815 3559 1002 3646 diligentius
1019 3558 1241 3636 inquirendas,
1259 3559 1308 3618 vel
1332 3558 1372 3619 ad

152 3668 394 3731 constituendas
407 3669 640 3746 etymologicae
656 3667 872 3745 indagationis
886 3668 983 3744 lagae,
1001 3667 1050 3726 vel
1068 3665 1107 3725 ad
1126 3663 1372 3726 reformandum

151 3794 334 3838 sermonem
349 3776 566 3854 germanicum
581 3776 788 3852 pertinerent,
804 3773 1008 3851 quaestiones
1024 3773 1170 3832 sollerter
1186 3790 1223 3832 ac
1237 3773 1369 3850 publice

153 3888 357 3955 tractantem,
387 3881 425 3942 de
452 3881 601 3941 universa
636 3882 821 3958 linguarum
849 3879 995 3940 doctrina
1022 3880 1139 3940 rectius
1173 3879 1372 3941 instituenda

155 3991 277 4068 optime
291 4007 360 4050 esse
375 3989 538 4049 meritum.

188 4202 225 4266 (l)
244 4204 274 4252 ll.
288 4201 411 4259 Riickert,
427 4201 574 4250 Geschiehte
590 4201 636 4249 der
649 4200 900 4250 areoloctdeotsclen
912 4199 1132 4265 Schriftrprache,
1147 4200 1178 4259 ll,
1199 4201 1258 4248 ³23.

188 4300 224 4364 (a)
243 4295 320 4356 reu,
336 4299 369 4356 n,
384 4299 442 4346 aar.

189 4393 223 4456 (3)
243 4391 321 4451 ibid,
336 4394 368 4452 ll,
379 4395 425 4442 327
440 4391 634 4442 mineatem...
649 4389 720 4440 kann
736 4402 797 4440 man
819 4389 992 4456 zugestehen,
1003 4390 1065 4441 dass
1082 4390 1125 4441 die
1138 4393 1285 4456 gasammte
1298 4387 1372 4439 daut

158 4487 220 4540 sche
230 4484 442 4538 Schriltstellerei
459 4485 625 4536 Leibmtzens
641 4483 814 4535 unmittelbar
828 4484 905 4536 licina
915 4483 1048 4556 Whlrung
1062 4485 1109 4538 aul
1119 4485 1161 4537 die
1183 4485 1372 4552 Entwicldung

162 4587 208 4638 der
229 4581 373 4636 deutschen
390 4581 506 4653 Sprache
521 4582 608 4632 seiner
620 4582 675 4632 Zeit
689 4579 823 4646 ausgedbt
838 4579 905 4632 habe
918 4598 942 4633 n.

626 4761 889 4778 μ
