3446 5452
865 639 1079 728 blla..

356 806 385 864 et
407 791 529 865 firmius
542 792 819 882 reprehenduntur
834 809 863 864 et
878 805 1075 883 castigantur
1089 804 1199 864 onmia
1214 797 1309 863 simili
1324 791 1454 864 licentia
1469 807 1567 862 usur-

354 916 439 989 pata,
453 910 607 989 quamdiu
623 910 661 971 de
676 910 715 970 iis
729 915 855 971 tantum
871 911 985 990 agitur,
1002 926 1084 988 qnae
1108 911 1168 972 soli
1190 910 1419 989 grammaticae
1436 923 1567 986 cornpe-

355 1021 437 1089 tunt,
466 1021 497 1078 et
523 1017 651 1095 neganti
675 1017 724 1078 vel
747 1017 916 1077 alllrmanti
939 1016 1063 1076 censori
1088 1016 1235 1093 protinus
1257 1014 1295 1077 ad
1319 1015 1516 1076 documenta
1539 1015 1572 1073 et

355 1123 538 1184 testimonia
562 1122 732 1202 coningere
752 1122 837 1196 licet,
863 1139 959 1200 quam
987 1123 1040 1182 ubi
1066 1109 1249 1184 subtiliores
1274 1124 1453 1182 tractantur
1474 1120 1515 1180 de
1536 1136 1568 1179 re

355 1229 508 1290 litteraria
523 1234 578 1290 aut
592 1229 764 1289 aesthetica
788 1228 1002 1306 quaestiones
1030 1227 1207 1305 dequibus
1226 1227 1385 1306 judicium
1408 1228 1509 1305 magis
1532 1243 1571 1286 ex

354 1334 484 1414 proprio
497 1336 654 1413 cujusque
670 1334 801 1396 arbitrio
819 1333 935 1413 pendet
959 1339 989 1396 et
1014 1351 1072 1396 suo
1088 1351 1249 1414 quartique
1265 1335 1394 1414 ingenio
1411 1339 1442 1396 et
1460 1331 1568 1394 studio

356 1441 487 1502 liberius
512 1438 678 1518 indulgere
699 1457 758 1518 par
777 1445 835 1501 est.

394 1549 557 1608 Postremo
573 1547 633 1607 sibi
652 1546 823 1608 llorhollus
837 1547 898 1608 hoe
913 1563 1078 1608 summum
1094 1547 1248 1625 imposuit
1265 1566 1396 1622 munus,
1413 1545 1569 1626 quemad·

355 1654 489 1714 modum
504 1654 572 1731 ipse
593 1654 627 1713 in
648 1652 846 1714 praefatione
862 1653 1108 1731 Programmatis
1132 1671 1216 1714 anno
1244 1655 1320 1715 1683
1343 1653 1419 1714 editi
1446 1655 1565 1725 monet,

354 1777 420 1820 non
440 1765 476 1820 nt
492 1762 531 1819 ab
553 1758 624 1819 aliis
640 1757 735 1830 dicta,
751 1764 781 1818 et
803 1758 902 1836 probe
924 1755 1068 1837 quidem,
1085 1761 1251 1836 repeteret,
1269 1759 1324 1820 sed
1339 1761 1375 1820 ut
1395 1783 1409 1814 «
1428 1775 1509 1837 quae
1527 1758 1567 1818 ab

355 1864 425 1924 aliis
441 1865 570 1938 omissa,
584 1863 634 1924 vel
650 1864 762 1925 leviter
783 1867 916 1924 tractata
938 1863 997 1924 sibi
1017 1865 1240 1942 praecaeteris
1259 1864 1435 1926 excolenda
1460 1881 1568 1926 sume·

355 1977 403 2032 ret
429 1993 443 2026 »
468 1973 531 2047 (l);
568 1971 765 2048 ubicumque
790 1971 887 2050 igitur
908 1969 1059 2030 exactiori
1085 1987 1192 2030 rarum
1217 1971 1350 2031 notitiae
1370 1972 1457 2050 justa
1477 1969 1566 2030 deest

355 2078 535 2157 explanatio
551 2081 607 2138 ant
631 2077 808 2138 necessaria
835 2075 961 2136 videtur
984 2077 1165 2138 emendatio
1187 2077 1356 2156 quaedam,
1374 2078 1418 2138 ibi
1444 2080 1565 2140 consis-

355 2186 393 2245 tit
416 2202 474 2246 nco
494 2189 565 2244 ante
590 2182 802 2262 progreditur,
828 2200 922 2260 quam
943 2184 1037 2260 plane
1066 2183 1232 2243 enucleata
1256 2189 1322 2245 tota
1346 2185 1491 2261 quaestio
1506 2187 1562 2243 ast.

357 2293 392 2352 Et
421 2309 518 2370 quam
545 2295 743 2368 opportunae
768 2295 844 2350 tunc
867 2289 986 2350 suerint
1014 2290 1102 2361 istae,
1117 2307 1196 2366 quas
1218 2291 1367 2351 nonnulli
1382 2290 1488 2368 primo
1509 2289 1562 2351 ad-

356 2405 466 2477 spectu
504 2397 637 2458 l'orsilan
666 2397 805 2456 minutas
831 2401 861 2456 et
895 2401 1007 2455 tenues
1036 2395 1298 2469 existimaverint,
1327 2396 1375 2458 vel
1401 2396 1439 2456 de
1468 2397 1565 2458 intor-

356 2504 474 2566 mando
489 2503 617 2581 plurali,
635 2502 868 2574 contentiones,
894 2502 1015 2579 optimo
1032 2519 1106 2562 sane
1123 2503 1268 2579 exemplo
1285 2502 1483 2564 demonstrat
1499 2505 1563 2582 ipse

356 2611 550 2683 Leibnitius3
580 2609 697 2687 qnippe
724 2607 791 2685 qui,
818 2607 923 2685 quoad
952 2608 1041 2680 vixit,
1070 2608 1210 2668 incertus
1234 2609 1432 2682 remanserit,
1459 2615 1563 2671 utrum

356 2718 508 2778 Morbolio
524 2715 748 2794 grammaticae
763 2719 793 2776 et
807 2713 1049 2774 consuetudinis
1064 2715 1253 2775 auctoritate
1268 2715 1390 2788 innixo,
1406 2733 1447 2775 an
1459 2716 1564 2778 Schot-

353 2824 431 2885 telio
447 2822 606 2883 contraria
622 2821 791 2880 alllrmanti
813 2825 843 2880 et
866 2837 949 2880 nova
965 2819 1112 2880 suadenti
1127 2822 1345 2881 assentiretur.
1369 2821 1458 2883 Unde
1483 2823 1517 2882 iit
1531 2827 1563 2883 ut

353 2931 536 3009 promiscue
553 2933 721 2988 occurrant
745 2927 778 2986 in
804 2928 874 3004 ejus
902 2927 1064 3005 operibus,
1093 2928 1162 3005 pari
1189 2927 1368 3006 frequentia
1393 2927 1561 3002 adhibitae,

353 3045 425 3097 tum
439 3040 556 3107 rectae,
574 3051 656 3112 qnae
672 3050 749 3094 usus
763 3033 909 3107 servavit,
931 3033 1066 3106 formae,
1084 3033 1167 3096 aiant
1187 3030 1321 3107 Briider,
1337 3031 1469 3115 Kayser,
1497 3039 1563 3096 tum

354 3160 482 3223 pravae,
519 3142 601 3202 siout
628 3137 778 3212 Briidere,
812 3136 960 3220 Kayserc,
996 3140 1029 3199 in
1064 3140 1182 3217 quibus
1211 3140 1337 3218 saepius
1372 3139 1563 3219 usurpandis

356 3249 601 3315 Scbmarsovius
626 3247 732 3308 lucide
761 3246 991 3326 comprobavit,
1021 3263 1096 3308 aum
1132 3263 1199 3308 sese
1230 3246 1405 3308 Schottelio
1432 3247 1561 3308 omnino

354 3360 533 3423 obnoxium
567 3356 789 3432 cantitanti).
828 3355 871 3414 De
903 3352 1132 3430 orthographia
1157 3357 1264 3414 autem
1298 3351 1456 3431 quidquid
1480 3359 1562 3414 recte

353 3467 623 3546 praescripserant
653 3463 703 3522 vel
733 3460 913 3533 Prasohins,
942 3460 991 3519 vel
1017 3459 1189 3520 llorhollus
1213 3459 1347 3537 ejusque
1373 3459 1563 3537 compilator

354 3572 511 3638 Omeisius
527 3576 577 3647 (ne
593 3568 673 3629 alios
689 3584 802 3628 omnes
815 3566 989 3626 reseramus
1004 3581 1041 3624 ea
1056 3568 1158 3626 aetate
1171 3566 1336 3625 turmatim
1350 3564 1560 3645 abundantes)

352 3680 441 3760 parvi
457 3678 569 3739 iecisse
585 3693 660 3736 eum
674 3678 799 3736 constat
822 3677 862 3748 et,
878 3671 1044 3733 Sabottelii
1064 3688 1165 3744 more,
1187 3687 1262 3732 suae
1284 3674 1410 3731 tantum
1434 3670 1562 3732 libidini

353 3786 536 3857 indulsisse,
551 3784 576 3843 si
592 3781 689 3843 modo
704 3779 906 3859 paucissimis
919 3779 988 3856 ejus
1002 3777 1176 3854 scripturae
1193 3778 1422 3856 speciminibus
1438 3795 1562 3838 summa

353 3899 401 3955 est
412 3890 594 3953 adhibenda
608 3889 696 3961 tides,
712 3903 787 3947 narn
803 3886 1034 3964 opusculorum
1049 3885 1088 3944 ab
1105 3901 1142 3944 eo
1158 3885 1341 3963 germanice
1362 3885 1558 3963 composito-

328 4006 426 4062 ''rum
439 3997 634 4076 exemplaria
647 3995 711 4056 lere
726 3993 818 4054 nulla
830 3994 964 4063 exstant,
981 3991 1044 4051 nisi
1058 3991 1096 4052 ab
1112 3991 1181 4069 ejus
1195 3991 1307 4051 scribis
1323 3995 1461 4052 exarata.

388 4285 424 4355 (l)
443 4286 563 4352 liorlrofii
584 4285 640 4336 Vita
664 4287 689 4334 et
709 4283 825 4344 tonores,
847 4296 872 4349 p.
897 4283 972 4334 itt-29
993 4279 1043 4340 (td
1063 4281 1163 4335 calcem
1184 4281 1270 4348 operta
1285 4277 1357 4348 qaod
1380 4277 1533 4332 msartbttnr
1557 4287 1564 4330 t

354 4383 476 4450 ldordafii
486 4380 684 4432 dissertationes
697 4377 859 4429 academicae
872 4378 896 4429 el
908 4377 1064 4444 epistolicae,
1081 4375 1236 4446 Hamburgt,
1252 4377 1327 4442 tate,
1342 4370 1433 4432 ἰπὶ-δ’).

390 4477 424 4552 tl)
443 4477 620 4543 Sabmaraove,
636 4472 739 4528 labain
752 4473 806 4527 aad
818 4473 982 4538 simaeum,
995 4485 1022 4542 p.
1035 4475 1059 4528 t.
