3446 5452
858 615 1074 690 -iii-

358 767 389 824 ct
413 764 679 843 significationem
709 766 854 844 singulae
879 768 1052 846 cujuslibet
1076 769 1163 829 vocis
1187 773 1292 846 partes
1314 769 1354 830 ad
1379 787 1446 832 eam
1468 770 1562 832 lnior-

359 869 509 932 mandam
535 871 762 932 contulissent:
795 872 872 950 qnid
897 875 1021 934 muita?
1052 874 1143 952 quasi
1166 880 1278 952 sponte
1302 877 1409 938 animo
1442 878 1564 938 subibat

358 978 564 1056 perspicuum
577 977 694 1038 radicis
709 982 740 1038 et
753 979 856 1038 sutirxi
871 978 1054 1041 discrimen.

399 1082 570 1143 biorhofrus
585 1101 660 1144 sane
674 1100 740 1144 non
754 1085 876 1162 primus
892 1091 938 1145 esi
953 1085 1131 1158 habendus,
1153 1087 1207 1163 qui
1224 1086 1339 1148 radicis
1356 1089 1405 1149 vel
1421 1087 1564 1148 thematis

357 1189 524 1249 notionem
545 1189 578 1248 in
601 1190 818 1268 germanicam
838 1192 1083 1269 grammaticam
1107 1192 1329 1254 introduxerit.
1354 1196 1460 1272 Longe
1483 1194 1563 1254 eninr

357 1300 430 1355 ante
452 1313 526 1355 eum
548 1296 737 1356 Laurentius
761 1297 909 1357 Libertus
937 1297 970 1356 in
993 1315 1051 1357 sua
1076 1295 1243 1358 Teutonico
1269 1296 1477 1360 Grammatico
1491 1317 1567 1360 non-

357 1401 463 1461 nullas
487 1402 553 1479 jam
579 1419 616 1462 ex
635 1402 746 1462 ordine
761 1409 1006 1464 enumeraverat
1032 1405 1284 1480 terminationes,
1312 1431 1326 1462 α
1346 1425 1484 1485 quarum
1507 1425 1565 1485 ope

357 1508 498 1568 verbalia
516 1527 532 1570 e
548 1510 651 1569 verbis
666 1513 696 1568 et
710 1525 822 1570 eorum
832 1510 1010 1588 participiis
1031 1511 1212 1571 formantur
1227 1535 1255 1585 »,
1272 1514 1448 1591 multisque
1464 1513 1564 1572 verbis

358 1617 611 1694 monosyllabam
633 1616 777 1676 omnium
800 1616 1033 1692 primitivarum
1057 1618 1256 1694 germanicae
1279 1619 1407 1697 linguae
1424 1618 1565 1679 radicum

357 1726 506 1782 naturam
523 1721 719 1794 laudaverat,
741 1739 805 1799 qua
828 1722 972 1799 proiecto
1000 1722 1203 1783 manifestum
1230 1724 1297 1785 lieri
1322 1726 1467 1802 putabat,
1493 1744 1564 1786 cum

356 1829 506 1889 hebraico
521 1845 665 1888 sermone
679 1827 901 1906 germanicum
917 1828 1033 1888 artiore
1054 1828 1193 1906 quodam
1214 1847 1300 1890 nexu
1323 1848 1393 1891 esse
1412 1832 1565 1911 conjunc-

356 1942 438 2011 tum,
455 1953 527 1995 eum
543 1940 630 1995 tanta
646 1935 781 1994 brevitas
797 1951 855 1994 nee
871 1935 904 1994 in
919 1953 1032 2012 graeco
1049 1952 1109 1994 neo
1126 1936 1158 1995 in
1175 1936 1274 1996 latino
1293 1942 1441 1998 occurrat
1455 1939 1506 2017 (i).

397 2045 492 2103 Lente
518 2047 625 2102 tamen
648 2042 803 2120 processit
827 2046 896 2100 tum
935 2042 986 2100 vix
1020 2058 1190 2119 praesensa
1215 2041 1254 2102 de
1290 2042 1351 2104 lroc
1380 2049 1565 2122 argumento

356 2150 480 2222 notitia,
497 2155 528 2209 et
551 2166 649 2226 quam
673 2149 793 2208 incerta
817 2156 848 2207 et
874 2164 952 2226 vaga
968 2147 1074 2208 medio
1099 2149 1168 2226 ipso
1192 2149 1284 2209 xvir
1310 2151 1452 2224 saeculo,
1471 2151 1502 2210 in
1516 2150 1564 2210 his

356 2256 453 2314 etiam
469 2269 550 2330 quae
565 2251 605 2311 ad
620 2251 767 2328 antiquas
785 2250 909 2327 linguas
924 2250 1130 2326 pertinerent,
1151 2252 1257 2323 luerit,
1275 2258 1479 2330 compertum
1492 2253 1564 2313 satis

355 2359 518 2432 habueris
535 2359 560 2418 si
581 2357 798 2417 observaveris
817 2373 880 2433 qua
894 2355 1017 2416 ratione
1041 2361 1072 2416 et
1093 2357 1238 2417 doctrina
1258 2376 1342 2418 unus
1362 2377 1379 2420 e
1403 2366 1564 2436 praestan-

355 2466 488 2526 tissimis
503 2465 592 2537 viris,
610 2464 665 2541 qui
685 2481 722 2524 ea
749 2468 850 2522 aetate
875 2463 1016 2522 cissicis
1034 2462 1149 2526 studiis
1178 2464 1410 2542 incumberent,
1429 2467 1564 2546 inclytus

356 2573 513 2636 Gerardus
532 2573 663 2634 Vossius
684 2573 750 2649 ipse
765 2587 894 2648 graecas
909 2574 940 2629 et
966 2570 1080 2629 latinas
1106 2571 1316 2650 etymologias
1342 2572 1375 2632 in
1400 2591 1459 2634 suo
1481 2573 1565 2634 Aria·

357 2681 463 2740 torcio
480 2680 595 2756 (1635),
613 2678 802 2755 quinetiam
825 2677 858 2736 in
874 2693 931 2735 suo
947 2673 1163 2756 Etymotopr'co
1188 2673 1312 2756 linquae
1329 2675 1446 2738 tatiane
1461 2681 1560 2760 (iiiiii

355 2787 548 2847 tractaverit.
565 2785 717 2857 Quamvis
734 2784 819 2844 enim
835 2800 952 2861 magna
966 2781 1145 2842 eruditione
1161 2788 1192 2843 et
1212 2784 1354 2844 sollertia
1369 2786 1440 2863 ejus
1459 2803 1563 2864 opera,

358 2913 440 2973 quae
456 2894 552 2954 etiam
568 2890 664 2952 hodie
679 2910 744 2951 non
766 2891 833 2951 sine
857 2891 963 2950 iruotu
984 2890 1086 2950 evolvi
1113 2896 1258 2969 possunt,
1286 2893 1562 2966 commendentur,

355 3019 421 3063 non
437 3007 545 3061 tamen
560 2999 677 3059 iniitias
693 2997 836 3058 eundum
852 3002 908 3070 est,
933 3014 1008 3056 eum
1031 2995 1069 3056 de
1094 2997 1269 3057 multitaria
1293 2997 1474 3059 litterarum
1495 3018 1565 3079 per·

356 3109 546 3180 mutatione,
564 3105 758 3166 detractione
773 3110 828 3165 aut
842 3103 1021 3182 adJ'ectione
1035 3104 1210 3182 ceterisque
1225 3104 1370 3181 ejusdem
1387 3105 1475 3166 modi
1491 3107 1564 3168 sub-

356 3217 457 3289 sidiis,
476 3214 592 3293 quibus
608 3213 666 3273 niti
680 3216 760 3273 solet
774 3211 989 3291 etymologica
1012 3211 1083 3288 ejus
1107 3210 1262 3283 doctrina,
1288 3210 1509 3288 disserentem,
1526 3233 1564 3275 ne

357 3323 512 3402 suspicari
529 3320 660 3398 quidem
684 3337 752 3380 esse
773 3321 891 3392 visum,
908 3316 986 3395 quid
1011 3319 1051 3377 sit
1069 3318 1118 3377 vel
1135 3317 1225 3378 radix
1248 3322 1279 3378 et
1304 3320 1498 3396 terminatio,
1517 3322 1564 3382 vel

355 3432 464 3492 thema
480 3435 511 3490 et
527 3429 699 3500 suillxnm;
729 3443 867 3502 cumque
890 3426 944 3484 vix
970 3424 1105 3484 obscura
1127 3428 1158 3485 et
1179 3424 1330 3504 ambigua
1352 3427 1512 3504 quaedam
1527 3428 1563 3489 de

352 3540 524 3602 nominum
539 3535 771 3615 compositione
799 3532 960 3594 interdum
984 3537 1164 3618 occurrant,
1185 3536 1315 3594 eatenus
1342 3538 1467 3595 tantum
1489 3553 1563 3614 pro·

355 3645 508 3729 graditur,
525 3643 581 3706 ubi
597 3643 629 3703 in
645 3640 821 3704 enodandis
836 3640 1041 3720 etymologiis
1064 3639 1196 3714 laborat,
1224 3643 1260 3701 ut
1283 3657 1395 3720 graeca
1415 3647 1446 3703 et
1465 3642 1563 3704 latina

386 3964 421 4028 ii)
439 3961 562 4024 ileumer,
583 3962 624 4015 ti.
648 3985 678 4001 -
703 3957 873 4014 Memoranda
893 3960 956 4010 sunt
975 3959 1053 4009 eiiam
1081 3956 1176 4008 similia
1190 3955 1330 4024 quaedam,
1347 3969 1416 4024 quae
1438 3955 1564 4024 leguntur

350 4063 397 4112 aut
411 4059 481 4126 apud
496 4059 600 4112 iustum
623 4059 738 4126 Liparum
763 4057 898 4108 notantem
922 4051 1040 4106 rerbaies
1054 4052 1197 4105 nonnullas
1218 4052 1346 4106 iiexiones
1368 4054 1395 4105 in
1417 4053 1563 4120 perniciei

350 4153 472 4208 batanea
486 4154 577 4222 lingua
592 4131 656 4208 mire
680 4165 826 4220 congruere
838 4152 972 4213 (baumer,
987 4144 1039 4212 iii),
1055 4153 1101 4202 aui
1114 4148 1185 4217 apud
1198 4147 1423 4216 biternbjeimiura
1441 4147 1560 4202 animad-

350 4258 495 4304 vertentem
520 4263 600 4318 quam
628 4253 682 4317 pari
713 4252 814 4302 ratione
835 4247 1001 4300 declinentur
1016 4250 1132 4314 geticum
1159 4245 1268 4299 verbum
1286 4245 1370 4299 toton
1397 4246 1561 4316 latinumque

349 4345 442 4403 batere
472 4350 603 4414 dinumer,
632 4351 700 4416 iti).
722 4348 760 4399 iia
787 4347 827 4398 bis
850 4349 938 4398 autem
961 4345 1072 4411 carptim
1089 4345 1115 4396 et
1135 4341 1220 4398 obiter
1238 4345 1372 4398 annotatis
1388 4341 1453 4397 nibil
1474 4344 1561 4411 colligi

349 4449 446 4516 potest,
462 4445 532 4498 unde
547 4447 673 4513 appareat
695 4456 740 4497 eos
760 4443 908 4513 suspiratos
927 4453 994 4505 esse,
1015 4441 1055 4495 vei
1071 4442 1143 4513 quod
1160 4441 1269 4497 iberuati
1285 4446 1310 4497 ai
1326 4441 1422 4498 suitirm
1445 4453 1561 4498 nonen·

356 4548 412 4600 iun
425 4545 450 4598 in
463 4541 635 4598 informandis
649 4540 784 4597 vocabulis
793 4542 827 4596 sit
845 4538 1025 4608 tribuendum,
1037 4542 1076 4598 rei
1089 4544 1196 4600 omnino
1206 4555 1239 4599 aa
1252 4541 1332 4614 buius
1345 4541 1414 4600 nodi
1424 4541 1560 4602 elementis

351 4648 442 4730 yitttres
458 4648 533 4698 teres
547 4653 603 4698 esse
618 4640 764 4697 concretas.
