3462 5452
680 601 869 683 ...37-

166 755 284 838 partim
301 757 371 838 ipso
388 757 510 839 vulgari
523 757 622 821 latina
636 757 712 821 nixa
727 759 833 835 luerit,
851 778 867 822 e
884 759 1001 840 quibus
1025 759 1179 839 paulatim
1200 757 1380 823 commixtis

166 867 249 929 haec
265 869 405 946 primum
427 870 580 929 exstiterit
598 870 782 930 recentioris
799 869 918 948 eloquii
945 870 1058 942 sorma,
1075 886 1170 948 quam
1192 868 1308 930 eruditi
1330 888 1381 929 ro-

167 995 294 1036 manam
308 975 454 1036 rusticam
469 975 606 1057 linquam
622 977 853 1055 appellaverint
866 976 920 1056 (l).

209 1084 306 1145 Recta
321 1083 464 1162 profecto
480 1084 647 1162 hueusque
663 1085 751 1145 omni
774 1103 813 1144 ex
827 1089 915 1160 parte
932 1083 1110 1160 reputanda
1131 1083 1213 1144 soret
1237 1084 1380 1144 Morhotii

167 1191 365 1268 explanatio,
381 1191 407 1251 si
423 1190 532 1264 mode,
549 1197 584 1251 ut
599 1193 665 1269 jam
681 1191 832 1264 diximus,
855 1191 1028 1251 necessarii
1046 1191 1239 1250 discriminis
1257 1191 1380 1252 ratione

167 1297 290 1370 habita,
311 1298 474 1376 vulgarem
501 1299 592 1358 latini
618 1299 774 1358 sermonis
799 1297 934 1357 sormam
960 1299 999 1358 ab
1022 1297 1082 1356 ista
1110 1297 1239 1375 linguae
1263 1298 1379 1376 specie,

169 1421 265 1482 quam
281 1405 399 1481 posteri
416 1401 561 1463 bos-latin
571 1405 831 1477 nominaverunt,
846 1403 1028 1464 distinctius
1045 1405 1239 1464 secrevisset.

209 1511 324 1583 Quanti
339 1514 451 1587 postea
464 1511 617 1570 momenti
634 1511 668 1570 in
688 1510 837 1570 novanda
861 1511 971 1588 lingua
992 1515 1102 1571 nostra
1125 1511 1244 1571 luerint
1265 1512 1381 1570 Barba-

168 1633 278 1678 rorum
295 1617 507 1688 incursiones,
523 1616 573 1675 his
594 1617 695 1677 cautis
718 1618 833 1676 iterum
850 1617 1085 1694 moderatisque
1101 1617 1205 1677 verbis
1224 1618 1378 1694 exponit:

170 1749 186 1780 «ι
203 1725 294 1785 Diese
308 1723 511 1784 Zierllchkeit
522 1725 562 1783 ist
578 1724 678 1785 durch
695 1726 756 1785 alle
772 1726 880 1785 Zeiten
895 1725 1073 1804 gehlieben,
1088 1726 1235 1786 wiewohl
1254 1727 1299 1786 sie
1317 1744 1381 1786 von

167 1831 288 1892 Jahren
300 1850 340 1890 zu
353 1830 471 1891 Jahren
484 1831 518 1890 in
538 1835 635 1904 etwas
649 1829 845 1910 geaendert...
861 1832 1091 1910 Nachgehends
1107 1833 1167 1892 wie
1183 1833 1233 1892 die
1256 1833 1381 1894 Gothen

169 1937 236 1998 und
250 1937 532 1998 andreNordiscbe
547 1937 693 1999 leeker
717 1939 794 1998 alles
819 1939 1109 2012 ilberstroemmten,
1137 1939 1242 1999 haben
1263 1940 1308 1999 sie
1329 1939 1379 1999 die

169 2043 310 2122 Spraehe
326 2045 359 2104 in
374 2045 484 2104 soweit
507 2044 667 2122 geaendert
681 2044 752 2104 dass
780 2062 853 2104 inan
869 2044 1016 2105 dennoch
1032 2045 1082 2104 die
1096 2047 1311 2122 Fussstapllen
1327 2045 1382 2105 der

170 2152 257 2212 allen
290 2150 511 2210 Lateinischen
540 2151 638 2211 sehen
666 2152 816 2223 kmnnen,
846 2151 897 2211 die
928 2153 1003 2212 aber
1035 2152 1091 2212 mit
1121 2151 1177 2212 der
1205 2151 1380 2212 Frembden

170 2257 245 2317 sehr
259 2256 417 2334 gemischt
430 2275 496 2316 war
512 2280 526 2312 o
544 2256 597 2336 (t).

210 2363 293 2436 Quid
314 2369 419 2424 aulem
435 2365 530 2423 verbo
547 2389 561 2418 «
577 2365 733 2442 gomisclrt
751 2387 764 2418 »
782 2366 822 2424 sit
840 2365 1096 2443 intelligendum,
1119 2368 1185 2443 ipse
1202 2369 1381 2429 luculenter

174 2471 343 2531 nonnullis
355 2469 561 2529 Institutiom's
574 2471 653 2531 loeis
666 2473 710 2531 ita
725 2472 871 2549 explicat,
886 2477 920 2532 ut
934 2474 1103 2544 existimet,
1120 2475 1248 2552 linguae
1262 2476 1384 2536 franco-

172 2577 308 2655 gallioae
329 2577 431 2636 multa
445 2578 601 2637 vocabula
619 2596 656 2637 ea
675 2582 777 2638 aetate
797 2578 970 2638 aharbaris
986 2597 1054 2638 esse
1079 2580 1234 2653 immixta,
1254 2599 1290 2640 ac
1312 2599 1382 2641 ver-

170 2683 285 2743 borum
303 2683 427 2760 copiam
443 2683 529 2743 haud
544 2701 656 2761 parum
673 2702 741 2744 esse
758 2689 882 2744 auctam
896 2686 951 2760 (3),
972 2685 1027 2745 sed
1049 2686 1150 2762 ipsius
1177 2687 1304 2764 linguae
1327 2705 1382 2747 na-

171 2794 276 2850 turam
291 2793 321 2849 et
333 2790 465 2850 latinam
478 2790 618 2850 indolem
634 2791 788 2868 integram
801 2792 1002 2868 superstitem
1018 2792 1116 2852 luisse
1132 2797 1187 2852 aut
1201 2793 1254 2853 vix
1269 2795 1303 2853 in
1320 2794 1382 2854 hoc

172 2915 239 2958 esse
254 2897 367 2956 leviter
385 2899 550 2970 mutatam,
566 2900 601 2957 ut
617 2898 686 2975 ejus
702 2898 844 2975 syntaxis
864 2898 995 2957 omnino
1017 2899 1199 2976 germanica
1215 2900 1255 2958 sit
1277 2898 1380 2961 laeta:

171 3004 258 3080 quod
270 3020 336 3062 non
353 3003 447 3062 modo
462 3002 702 3075 concedentem,
719 3003 773 3062 sed
794 3004 890 3062 etiam
912 3003 1051 3080 quodam
1072 3005 1143 3064 loco
1172 3005 1380 3065 affirmantem

172 3110 360 3170 Morhofium
377 3109 420 3189 (l)
436 3128 454 3169 a
467 3111 561 3170 solita
576 3111 746 3189 prudentia
761 3110 944 3170 discessisse
958 3116 988 3170 et
1003 3112 1115 3171 aetatis
1130 3130 1205 3172 suae
1222 3114 1382 3174 erroribus

170 3217 308 3277 nimium
332 3217 504 3277 indulsisse
530 3235 596 3276 non
625 3235 797 3294 possumus
819 3217 898 3294 quin
920 3216 1012 3277 valde
1032 3216 1209 3291 doleamus,
1234 3236 1306 3279 cum
1328 3238 1383 3279 eos

171 3323 292 3400 ubique
307 3323 393 3382 haud
408 3327 596 3382 cunctanter
614 3323 758 3384 refellere
773 3325 884 3396 soleat,
900 3324 967 3399 qui,
984 3323 1153 3400 desumpto
1167 3342 1204 3383 ex
1220 3325 1288 3383 istis
1311 3325 1383 3384 bar-

131 3487 133 3500 ,
171 3433 321 3492 berorum
338 3431 575 3491 incursionibus
591 3435 791 3508 argumento,
811 3431 955 3508 linguam
969 3431 1226 3507 francogallioam
1249 3436 1347 3490 totam
1367 3449 1384 3490 e

172 3539 355 3616 germanico
372 3538 457 3597 fonte
477 3537 695 3597 deducendam
713 3555 781 3596 esse
797 3535 1036 3596 contenderent.

212 3646 279 3704 Hoc
294 3644 392 3720 igitur
407 3643 501 3703 modo
518 3644 550 3702 in
566 3642 690 3702 diversa
707 3642 762 3702 diu
777 3643 924 3721 agitatae,
952 3642 1007 3702 sed
1035 3643 1182 3701 stabilem
1210 3642 1336 3701 demum
1355 3648 1385 3702 et

172 3752 338 3830 proprium
353 3750 522 3828 quemdam
537 3751 681 3810 habitum
698 3749 829 3826 adeptae
843 3749 1088 3827 francogallicae
1103 3749 1230 3826 linguae
1242 3748 1385 3808 fidelissi-

173 3877 264 3919 mum
280 3858 442 3936 specimen
461 3858 494 3916 in
521 3856 671 3916 Ludovici
688 3857 867 3917 Germanici
893 3860 923 3915 et
945 3856 1048 3914 Caroli
1078 3856 1165 3914 Calvi
1189 3857 1384 3918 iuramentis

178 3970 337 4026 servatum
355 3982 422 4024 esse
438 3968 592 4023 memorat
602 3962 657 4042 (5),
675 3963 755 4022 miro
767 3981 877 4022 rursus
893 3962 994 4039 ipsius
1008 3965 1039 4020 et
1054 3962 1202 4021 Leibnitii
1213 3978 1382 4024 consenso.

207 4246 247 4311 (l)
268 4246 340 4306 Urit,
355 4247 403 4294 156
416 4259 475 4310 sqq.
489 4261 494 4306 ;
511 4244 544 4298 cl.
556 4247 647 4294 ll-rs.

208 4344 246 4407 (2)
263 4339 341 4402 leid,
357 4341 421 4401 1573
438 4339 471 4390 ci.
489 4342 547 4390 229.

210 4437 247 4502 (3)
266 4436 341 4498 ibid,
359 4440 400 4498 27,
422 4439 462 4496 58,
479 4440 524 4486 ¹57
540 4439 564 4486 et
580 4437 689 4500 passim.

210 4534 244 4594 (l)
263 4531 338 4592 ibid,
354 4534 399 4582 llll
415 4535 442 4582 et
456 4531 613 4595 Polplu'stor,
629 4531 659 4581 T.
673 4532 693 4590 l,
707 4529 762 4582 Lib.
781 4544 814 4588 lv,
826 4542 884 4598 cap.
902 4533 925 4588 l,
940 4531 954 4592 3'
971 4533 1012 4582 lll.

211 4625 245 4690 (5)
264 4625 340 4688 rau,
356 4629 412 4678 157.
