3446 5452
860 615 1076 699 —lll-

357 771 636 860 grarnnraticarum
650 782 830 850 novatores,
847 776 945 854 qnod,
956 776 1031 837 dum
1048 770 1176 837 studenl
1191 769 1448 854 pronuntiationi
1465 771 1567 841 orthea

356 887 522 967 praphiam
538 885 735 956 submittere,
752 901 817 944 non
845 882 942 944 modo
964 887 1133 961 utramque
1155 884 1188 943 in
1213 901 1348 962 pravum
1368 883 1567 964 detorquent,

336 977 339 984 ⁴
357 992 522 1055 sedetiam
537 992 625 1052 omni
636 1007 782 1051 errorum
797 989 917 1069 generi,
933 995 1004 1049 tum
1018 989 1056 1050 de
1075 989 1288 1068 etymologiae
1301 990 1440 1068 legibus,
1457 993 1569 1053 tumde

356 1103 426 1180 ipsa
440 1098 673 1162 vocabulorum
689 1097 837 1170 flexione,
853 1097 937 1156 viam
952 1097 1037 1157 ultro
1051 1096 1210 1174 aperiunt,
1228 1095 1324 1169 unde,
1342 1097 1368 1156 si
1385 1100 1567 1176 exemplum

355 1225 524 1286 excerpere
542 1207 627 1277 licet,
645 1203 871 1282 probatissima
892 1220 1038 1280 quaeque
1057 1206 1215 1280 negentur
1240 1207 1297 1264 aut
1322 1209 1571 1268 contemnantur

355 1318 525 1393 praecepta
540 1312 579 1372 de
593 1309 797 1371 informando
810 1310 981 1370 nominum
994 1308 1112 1386 plurali
1127 1313 1183 1368 aut
1201 1309 1374 1370 verborum
1397 1311 1568 1374 inlinitivo.

355 1422 464 1499 ltaque
479 1438 545 1480 non
563 1419 668 1480 minus
688 1434 784 1494 prave
813 1433 909 1494 quam
937 1415 1094 1476 inutiliter
1117 1415 1262 1476 scribunt
1276 1414 1490 1477 Menecraten
1515 1436 1571 1496 pro

355 1525 526 1599 Meneclem,
550 1521 707 1585 Sachrhen
740 1540 797 1600 pro
826 1519 957 1595 Suelteri,
988 1519 1100 1581 hebben
1137 1539 1195 1599 pro
1218 1520 1322 1596 heheu,
1348 1521 1476 1584 weddcn
1516 1543 1571 1602 pro

355 1631 458 1693 woden
472 1633 600 1708 aliaque
615 1629 743 1690 similia.
757 1631 847 1701 Nam,
863 1645 923 1688 nec
944 1629 977 1687 in
987 1628 1038 1688 his
1051 1627 1257 1688 enuntiandis
1272 1629 1437 1690 vocabulis
1455 1632 1571 1691 emitti·

354 1745 407 1800 tur
417 1738 547 1816 duplex,
564 1742 599 1797 ut
616 1737 740 1808 volunt,
763 1751 944 1795 consonans
959 1735 1075 1806 littera,
1092 1739 1123 1794 et
1147 1735 1417 1812 quemadmodum
1442 1738 1568 1816 egregie

356 1844 583 1906 animadvertit
597 1842 771 1920 Plempius,
789 1858 900 1901 earum
920 1857 1035 1900 vocum
1049 1840 1183 1917 pluralis
1210 1857 1366 1902 numerus
1391 1841 1512 1903 desinit
1539 1844 1570 1902 in

356 1970 426 2024 -en,
441 1968 508 2010 non
521 1953 555 2010 in
565 1983 580 1993 ·
590 1948 679 2008 sciren
695 1953 771 2008 aut·
786 1946 872 2020 chen,
896 1947 1080 2026 pariterque
1102 1945 1279 2006 inlinitivus
1302 1946 1417 2008 modus
1439 1949 1474 2008 in
1489 1968 1565 2022 -en,

357 2058 488 2118 minime
505 2059 612 2116 autem
625 2055 658 2114 in
671 2052 753 2126 -hen,
770 2087 783 2098 -
798 2051 857 2112 deu
870 2057 926 2112 aut
939 2052 1018 2111 alias
1033 2050 1179 2130 ejusdem
1194 2053 1319 2130 generis
1332 2052 1464 2116 formas.
1478 2055 1568 2116 Falso

356 2164 455 2241 igitur
469 2165 500 2222 et
515 2161 696 2221 inconsulte
711 2159 939 2237 comprobatur
956 2175 975 2217 a
996 2157 1186 2238 Claubergio
1203 2158 1263 2219 ista
1288 2159 1448 2221 scribendi
1475 2163 1566 2236 ratio,

356 2270 448 2347 quasi
464 2287 502 2330 ex
513 2287 550 2328 ea
561 2269 655 2345 plane
668 2265 904 2326 manifestabat
917 2287 932 2320 a
944 2264 1118 2343 euphonia,
1129 2266 1314 2327 volubilitas
1330 2271 1361 2328 et
1371 2268 1572 2331 vehementia

362 2378 492 2456 linguae
507 2374 708 2454 germanicae
720 2374 794 2450 »(l).

397 2481 489 2544 Haud
513 2481 632 2561 injuria
655 2484 739 2540 certe
770 2478 821 2538 his
842 2479 938 2556 nugis
966 2478 1105 2539 occurrit
1138 2479 1329 2555 llorhollus;
1359 2487 1481 2544 attola
1506 2484 1573 2562 ipsa

356 2593 619 2667 argumentorum
648 2586 741 2658 serie,
770 2602 838 2645 non
866 2602 958 2646 secus
983 2600 1020 2645 ae
1048 2586 1209 2664 Plempius
1236 2588 1513 2668 Claubergiusque
1540 2597 1571 2652 et

355 2698 463 2768 ceteri,
480 2712 553 2755 reus
568 2694 614 2767 lit,
631 2693 686 2771 qui
701 2693 832 2753 omnino
849 2691 1052 2770 ignoraverit,
1070 2709 1152 2769 quae
1167 2693 1268 2754 silvis
1281 2695 1463 2770 tribuenda,
1483 2697 1568 2775 quod

355 2803 394 2863 ad
408 2803 543 2863 sormam
567 2805 597 2860 et
612 2799 910 2877 pronuntiationem
935 2797 1083 2858 vocabuli
1098 2799 1256 2876 cujusque
1279 2801 1405 2877 attinet,
1422 2803 1474 2862 vel
1495 2803 1572 2865 dua-

355 2908 414 2969 bus
430 2907 682 2968 consonantibus
697 2909 769 2982 post
789 2905 935 2964 vocalem
959 2905 1102 2982 aliquam
1116 2905 1241 2982 positis,
1263 2908 1312 2966 vel
1334 2906 1438 2968 eidem
1456 2927 1573 2970 conso-

354 3016 505 3078 nantibus
521 3017 594 3092 post
608 3012 752 3072 vocalem
768 3012 816 3071 bis
832 3012 994 3088 repetitae.
1018 3010 1111 3083 Quod
1131 3016 1168 3071 ut
1181 3012 1387 3090 perspicuum
1404 3015 1471 3088 nat,
1495 3017 1570 3076 satis

354 3125 414 3184 erit
428 3122 588 3182 natavisse
603 3121 642 3180 ab
659 3136 696 3179 eo
711 3119 918 3179 consonantis
932 3118 1183 3197 geminationem
1200 3120 1233 3178 in
1250 3119 1416 3181 vocabulis
1438 3119 1525 3202 iopen
1543 3129 1573 3183 et

355 3228 456 3291 willan
470 3229 589 3306 pariter
603 3231 633 3287 et
646 3226 733 3287 omni
757 3225 941 3286 discrimine
964 3229 1087 3286 remoto
1109 3226 1295 3303 vituperari.
1321 3227 1411 3288 Unde
1435 3230 1571 3290 enimin

354 3338 417 3398 hoc
442 3336 581 3414 legitime
606 3335 751 3405 oriatur,
776 3350 873 3411 quam
895 3334 935 3392 ob
960 3350 1090 3394 causam
1110 3333 1144 3392 in
1168 3331 1225 3394 illo
1252 3339 1363 3395 contra
1391 3337 1516 3398 vitiosa'
1530 3341 1570 3399 sit

355 3443 562 3505 consonantis
573 3440 776 3520 germinatio,
798 3440 928 3500 minime
943 3444 991 3499 est
1012 3440 1193 3519 suspicatus
1209 3458 1216 3513 ;
1240 3459 1301 3502 nec
1325 3443 1488 3504 levissima
1503 3447 1572 3523 qui-

355 3552 426 3613 dem
443 3552 628 3628 conjectura
643 3548 794 3626 augurari
809 3545 945 3619 videtur,
960 3564 1031 3607 eam
1046 3565 1065 3607 a
1083 3548 1188 3620 cerlis,
1212 3549 1406 3627 pboneticis,
1424 3553 1450 3612 si
1466 3553 1571 3615 dicere

354 3661 440 3732 licet,
462 3658 585 3736 legibus
604 3655 754 3734 pendere,
780 3655 819 3715 de
841 3655 959 3732 quibus
977 3655 1185 3716 enucleandis
1210 3661 1241 3716 et
1261 3657 1451 3720 deliniendis
1472 3663 1568 3723 etiam

354 3782 452 3837 nnnc,
473 3765 526 3824 vix
545 3764 687 3824 feliciore
713 3763 826 3822 saltem
850 3768 977 3835 eventu,
1005 3763 1149 3822 laborare
1171 3770 1311 3843 pergunt
1334 3767 1503 3846 cujusdam
1532 3771 1572 3832 ad

355 3891 456 3936 unum
471 3872 615 3934 redactae
632 3877 673 3944 et,
691 3875 726 3930 ut
739 3870 841 3943 aiunt,
857 3870 1013 3930 normalis
1029 3870 1276 3949 orthographiae
1294 3871 1449 3936 lautores.

394 3979 561 4054 Quomodo
577 3983 683 4039 antem
706 3977 739 4038 in
764 3977 996 4038 vocabulorum
1012 3976 1148 4039 flexione
1163 3979 1269 4040 littera
1284 3999 1298 4039 e
1314 3981 1355 4042 sit
1375 3982 1567 4060 adhibenda,

315 4141 319 4148 .
356 4089 513 4171 plerique,
530 4087 633 4166 pergit
649 4084 833 4158 Morhotius,
854 4102 941 4144 nunc
954 4085 1171 4163 potissimum,
1189 4105 1298 4150 eversa
1313 4091 1446 4170 antiqua
1467 4111 1570 4174 gram-

361 4200 496 4263 maticae
511 4196 657 4260 doctrina
672 4195 721 4256 vel
738 4195 845 4274 potius
871 4194 1113 4256 consuetudinis
1129 4198 1329 4273 auctoritate,
1357 4200 1464 4264 minus
1481 4202 1569 4264 lirma

354 4313 385 4372 et
398 4306 539 4370 dilucida
557 4310 660 4366 mente
676 4303 844 4382 complecti
862 4300 1031 4378 videntur,
1048 4304 1269 4383 quaestionem
1294 4305 1393 4386 igitur
1414 4307 1448 4370 in
1465 4306 1565 4372 diver·

389 4646 425 4728 nt
445 4647 515 4728 aar,
531 4649 656 4720 vii-vra
