3462 5452
673 624 858 711 ..95-

156 800 225 853 esse
243 789 363 865 monet,
376 783 454 851 ineo
469 783 673 868 potissimum
687 789 823 850 haerens
836 785 947 866 quanti
959 783 1000 848 sit
1016 781 1180 859 momenti,
1195 790 1232 848 ut
1247 777 1280 846 in
1296 795 1372 866 qna-

155 898 234 958 libet
258 915 374 958 vocum
399 896 570 956 collatione
585 895 738 956 tentanda
754 895 830 955 hinc
845 912 926 973 quae
942 894 1062 954 formae
1088 892 1300 954 similitudine
1317 896 1372 951 aut

156 1005 368 1066 conversione
395 1003 550 1076 nitantur,
566 1003 656 1063 ill-'nc
673 1019 754 1080 quae
775 1019 814 1061 ex
838 1019 950 1062 sensus
974 1001 1128 1060 affinitate
1149 999 1370 1069 desumantun

155 1114 359 1188 argumenta,
388 1109 479 1168 nulla
504 1107 643 1168 admissa
679 1108 879 1181 contusione,
910 1107 1079 1184 separatim
1119 1122 1244 1184 semper
1271 1103 1373 1181 respi-

156 1217 297 1276 ciantur.

195 1324 323 1382 Novum
339 1338 469 1398 prorsus
485 1321 541 1380 illo
556 1324 698 1397 tempore
707 1324 924 1398 praeceptum,
941 1337 1001 1380 nec
1016 1336 1113 1397 parva
1127 1319 1272 1396 prolecto
1294 1322 1372 1378 tunc

156 1427 268 1488 usitati
287 1427 382 1486 moris
397 1425 542 1499 mutatio,
562 1427 587 1486 si
610 1427 761 1504 respicias
778 1444 873 1505 quam
890 1427 1017 1487 incaute
1033 1431 1064 1487 el
1082 1425 1210 1486 turbide
1227 1426 1374 1504 plerique

156 1535 247 1595 illius
264 1534 376 1594 aetatis
392 1533 477 1594 docti
492 1534 551 1593 viri
563 1533 779 1593 diversissima
793 1533 950 1611 cujusque
969 1534 1098 1612 linguae
1113 1534 1270 1593 vocabula
1285 1549 1373 1594 com-

155 1657 271 1718 parare
287 1640 372 1700 soliti
385 1644 500 1712 essent,
517 1657 604 1699 nunc
620 1638 759 1699 admissa
769 1639 853 1699 ultro
875 1640 1050 1699 multorum
1075 1639 1243 1700 verborum
1261 1656 1376 1718 cogna-

156 1748 259 1818 tione,
278 1763 359 1824 quac
374 1746 428 1805 vix
440 1764 536 1806 unam
553 1747 603 1806 vel
618 1746 749 1806 alteram
766 1746 904 1805 litteram
918 1762 1122 1806 communem
1134 1744 1300 1817 haberent,
1317 1743 1374 1804 sed

156 1852 300 1931 quadam
316 1852 557 1930 significationis
570 1853 776 1930 proportione
790 1853 962 1930 conJuncta
971 1851 1165 1924 viderentur,
1179 1868 1268 1912 nunc
1280 1869 1375 1912 revo-

157 1958 239 2020 catis
262 1957 413 2018 adunam
430 1957 638 2036 eamdemque
667 1959 821 2035 originem
844 1958 988 2031 vocibus,
1006 1976 1087 2036 quae
1113 1960 1217 2037 primo
1241 1959 1371 2037 quidem

157 2065 316 2143 adspectu
340 2064 511 2142 quamdam
537 2065 620 2124 inter
635 2083 668 2124 se
693 2063 936 2124 similitudinem
959 2066 1156 2125 extrinsecus
1171 2065 1371 2139 exhiberent,

158 2171 228 2247 sed,
246 2172 342 2250 longe
356 2170 474 2248 dispari
492 2171 724 2250 significatione
737 2170 911 2248 praeditae,
924 2171 1055 2231 nonnisi
1083 2171 1220 2231 absurda
1242 2189 1371 2250 quaque
1415 2226 1419 2232 .

158 2294 276 2337 sensus
287 2276 507 2348 translatione,
523 2293 559 2336 ac
572 2276 742 2354 praecipue
767 2276 934 2336 allusionis
962 2281 1017 2335 aut
1029 2275 1293 2336 contradictionis
1321 2281 1377 2337 aut

159 2389 341 2446 ceterorum
356 2383 474 2443 allatim
487 2387 711 2460 usurpatorum
727 2387 894 2459 troporum
910 2400 969 2460 ope
982 2387 1114 2459 possent
1128 2383 1340 2462 aequiparari.

200 2491 364 2562 Quantum
378 2493 486 2548 autem
501 2488 653 2549 damnum
673 2487 854 2548 istiusmodi
876 2506 980 2566 nugae
995 2489 1041 2548 rei
1056 2490 1288 2568 etymologicae
1302 2491 1375 2551 alle-

160 2603 245 2670 rant,
263 2602 484 2675 quantumque
498 2597 568 2673 ejus
582 2595 767 2674 dignitatem
782 2600 813 2655 et
830 2595 947 2655 lamam
964 2595 1145 2672 inquinent,
1162 2597 1229 2674 ipse
1248 2597 1376 2657 llorho-

161 2707 422 2781 fiusnonpotest
446 2703 525 2780 quin
548 2707 700 2780 agnoscat
713 2719 749 2762 ac
774 2701 871 2762 simul
896 2701 1110 2780 ingemiscens
1135 2704 1274 2765 fateatur
1289 2723 1371 2778 eam,

161 2811 281 2872 amissa
296 2809 384 2870 omni
400 2809 461 2870 side
484 2813 515 2868 et
542 2809 743 2881 auctoritate,
760 2827 778 2868 a
792 2809 953 2886 plerisque
975 2810 1087 2870 merito
1101 2811 1197 2870 nimis
1212 2811 1369 2873 derideri:

163 2941 178 2972 «
195 2915 356 2976 Wundert
372 2915 456 2975 mich
471 2914 598 2974 nurdas
613 2915 754 2993 gelehrte
769 2915 865 2974 Leute
887 2914 1047 2975 nichtehe
1062 2917 1120 2975 aul
1133 2916 1218 2977 diese
1234 2917 1375 2978 Gedanc-
1446 2965 1449 2973 .

163 3025 238 3096 hen,
265 3021 518 3100 gerathen‚11nd
546 3039 581 3082 so
606 3023 669 3082 viel
694 3022 841 3082 seltsame
863 3023 1034 3084 thoerichte
1059 3022 1224 3084 allusiones
1249 3030 1377 3086 anstatt

162 3128 373 3208 griindlicher
384 3128 605 3206 Etymologien
618 3145 863 3207 angenommem
880 3128 977 3189 deren
988 3131 1178 3210 nichtigkeit
1194 3133 1262 3193 sich
1278 3135 1377 3194 selbst

163 3254 202 3296 zu
215 3237 296 3314 Tage
312 3235 406 3312 leget,
418 3233 485 3294 und
500 3234 612 3294 hnlass
624 3235 778 3314 gegeben,
791 3234 863 3295 dass
878 3237 940 3296 viel
955 3238 1097 3316 gelehrte
1112 3242 1208 3301 Leute
1224 3242 1286 3302 alle
1302 3243 1375 3320 Ety-

165 3341 333 3419 mologias,
349 3342 397 3401 als
413 3341 465 3401 ein
494 3343 689 3418 ungewisses
716 3342 808 3420 Ding‚
825 3343 893 3403 und
917 3343 968 3404 die
988 3347 1045 3405 aul
1057 3347 1174 3408 keinen
1197 3349 1378 3411 Vernuntlt-

164 3449 336 3510 schliissen
350 3446 528 3526 gegriindet
538 3466 578 3508 zu
594 3449 780 3508 verwerllen
796 3447 851 3529 (l).
866 3473 881 3504 »

205 3553 267 3614 Sed
283 3552 406 3613 durnin
423 3554 499 3612 istos
522 3554 752 3632 etymologicae
766 3554 953 3634 disciplinae
969 3564 1170 3638 corruptores
1183 3580 1304 3639 aspere,
1318 3581 1378 3625 nec

165 3661 285 3740 injuria
298 3659 439 3737 quidem,
456 3661 628 3734 invehitur,
644 3679 710 3722 non
724 3661 806 3738 sugit
816 3679 888 3723 eum
902 3666 1059 3726 nonnulla
1072 3668 1136 3745 jam
1152 3673 1244 3728 antea
1257 3671 1375 3731 rectius

165 3787 184 3829 a
205 3766 401 3845 quibusdam
416 3768 573 3827 severiore
586 3766 730 3828 doctrina
743 3769 875 3829 imbutis
890 3770 967 3830 viris
982 3789 1050 3832 esse
1063 3777 1193 3847 tentata,
1218 3776 1377 3853 quaedam

166 3873 326 3936 interdum
349 3873 448 3950 probe
464 3873 613 3935 inchoata
629 3879 659 3934 et
683 3875 854 3936 elaborata.
876 3878 919 3937 Ea
940 3877 1048 3955 igitur,
1066 3880 1123 3940 etsi
1140 3898 1378 3960 nonnunquam
1409 3899 1412 3904 ·

167 3984 247 4044 salsa
263 3980 446 4059 inquirendi
462 3982 585 4041 ratione
599 3982 774 4042 deformata
788 4000 823 4042 ac
838 3984 1079 4057 vitiata‚sedu10
1095 3990 1378 4052 commemoranda

168 4095 265 4168 atque
278 4088 482 4167 indulgenter
502 4089 718 4165 percensenda
732 4094 834 4168 putat,
852 4109 924 4151 cum
949 4092 1025 4153 hinc
1047 4093 1217 4174 diligenter
1243 4103 1273 4158 et
1294 4097 1380 4161 bona

168 4197 240 4270 fide,
256 4212 451 4274 quamquam
470 4212 563 4273 saepe
577 4196 712 4256 feliciter
736 4197 842 4258 minus
854 4199 963 4260 enixos
979 4202 1151 4279 superioris
1168 4207 1279 4266 aetatis
1294 4207 1379 4270 viros

169 4304 276 4368 debita
301 4303 396 4364 laude
411 4320 524 4364 ornare
552 4303 672 4379 deceat,
689 4304 779 4367 illinc
795 4306 904 4382 abeis,
927 4312 1034 4370 vetera
1061 4309 1245 4374 litterarum
1265 4330 1380 4378 monu-

205 4643 240 4726 it)
261 4641 330 4714 ont..
345 4613 438 4712 thoti
452 4640 486 4704 ot.
502 4645 581 4704 etlam
596 4644 627 4700 tt
642 4641 682 4712 tt,
699 4643 742 4701 itt
759 4652 817 4720 sqq.
