3462 5452
834 627 1000 705 ...2..

310 783 477 845 trarentur.
507 779 557 844 stc
581 778 750 863 sperabant
770 789 906 844 stemma
926 785 1073 844 omnium
1098 797 1284 844 sermonum
1303 774 1430 844 landem
1448 791 1521 842 con·

309 889 430 951 lectum
454 891 491 950 iri
516 891 567 969 (l),
594 909 657 968 qua
688 892 810 951 ratione
837 892 1070 968 quaestionem,
1095 891 1132 951 de
1157 910 1220 969 qua
1243 891 1337 951 multi
1372 889 1522 950 omnibus

309 997 467 1058 aetatibus
489 997 733 1070 desudaverant,
749 1016 781 1058 se
799 997 927 1058 tandem
949 997 1107 1074 explicare
1128 1002 1159 1058 et
1178 998 1321 1075 priscum
1342 997 1436 1056 illum
1458 1012 1524 1055 ser-

309 1122 451 1177 monem,
464 1123 527 1182 quo
543 1105 638 1182 prisci
654 1104 803 1164 homines
820 1104 867 1163 usi
889 1109 1005 1176 essent,
1022 1103 1259 1181 deprehendere
1277 1120 1370 1180 posse
1390 1101 1524 1162 arbitra-

309 1210 436 1270 bantur.

349 1316 526 1376 Fatendum
545 1323 592 1376 est
616 1316 713 1386 onim,
740 1315 817 1375 (liam
838 1315 943 1376 studia
967 1317 1085 1376 sensim
1113 1335 1195 1376 nova
1224 1317 1274 1376 via
1302 1316 1521 1394 procederent,

309 1441 406 1502 seque
434 1443 451 1483 a
474 1422 715 1483 considerandis
740 1422 963 1483 tantummodo
990 1424 1028 1483 iis
1051 1425 1358 1502 sermonibus,quos
1377 1424 1521 1496 Hebraei,

309 1529 430 1602 Graeci,
453 1530 554 1589 Latini
579 1535 796 1606 usurpassent,
819 1534 1007 1600 averterent,
1035 1531 1224 1590 inveteratas
1253 1529 1332 1590 duas
1355 1509 1523 1608 opiniones

308 1637 588 1713 perstitisso,quae
611 1635 666 1695 din
685 1635 851 1695 seientiam
875 1635 1130 1714 progredientem
1150 1641 1291 1696 moratae
1306 1638 1370 1696 sint
1387 1655 1423 1696 ae
1444 1637 1524 1696 libe-

309 1757 378 1800 ram
393 1742 671 1820 investigationem
687 1741 894 1801 inhibuerint.
913 1744 1046 1803 Summa
1066 1743 1126 1801 lide
1145 1741 1322 1802 credebant.
1334 1743 1522 1802 Hebraieam

311 1849 458 1908 omnium
486 1849 669 1926 linguarum
686 1847 945 1923 antiquissimam
959 1865 1038 1919 osse,
1057 1872 1070 1901 a
1089 1847 1234 1907 oentdem
1248 1849 1350 1907 selam
1366 1866 1480 1926 puram
1493 1853 1524 1907 ct

310 1953 547 2026 intemeratam,
572 1958 803 2012 accelerarem
832 1953 1065 2029 genitricem».
1096 1955 1164 2024 Quo
1191 1959 1356 2031 tamquam
1383 1953 1523 2032 pondero

310 2067 439 2122 onerata
461 2065 555 2136 atque
578 2075 730 2135 oppressa
748 2058 828 2117 ratio
849 2077 940 2136 aegro
963 2057 1166 2135 procedebat,
1182 2076 1219 2118 ac
1232 2059 1318 2136 piam
1336 2060 1522 2136 opinionem

309 2166 497 2228 tradendam
514 2183 581 2224 esse
598 2166 816 2240 incorruptam
842 2165 975 2240 posteris
994 2165 1159 2240 putabant,
1179 2164 1298 2224 nedum
1324 2182 1394 2224 eam
1415 2165 1522 2242 impu-

309 2291 405 2353 gnare
427 2270 590 2332 auderent.
614 2271 693 2346 Ergo
716 2288 815 2330 nnmn
839 2271 898 2329 sibi
921 2271 1155 2347 proponebant,
1180 2276 1215 2330 ut
1240 2272 1357 2348 quibus
1384 2272 1522 2330 vinculis

310 2398 414 2440 serato
431 2377 604 2438 llebraicus
623 2393 698 2436 cum
713 2377 825 2435 ceteris
849 2377 1052 2436 sermonibus
1071 2380 1165 2453 (quos
1185 2376 1332 2454 vulgares
1355 2395 1524 2454 nuncupa-

310 2488 398 2562 bant)
415 2483 541 2561 religari
557 2487 675 2560 posset,
691 2487 721 2541 ot
737 2482 854 2558 quibus
871 2483 1068 2559 interpositis
1091 2501 1127 2543 ac
1147 2483 1262 2543 mediis
1282 2485 1452 2562 generibus
1471 2485 1522 2544 isti

310 2596 512 2653 ernanassent
527 2590 565 2650 ab
582 2590 649 2661 illo,
667 2589 858 2666 detegerent.

348 2702 420 2761 lam
439 2698 511 2758 inde
531 2697 667 2774 aprime
686 2697 778 2755 initio
798 2713 930 2774 graecus
951 2691 1063 2757 sermo
1075 2697 1207 2774 perinde
1232 2717 1268 2758 ac
1290 2700 1421 2773 latinus,
1439 2699 1523 2762 intra

310 2807 497 2868 hebraicum
511 2804 619 2883 positi,
634 2803 802 2881 privilegio
820 2809 924 2863 tamen
951 2804 1092 2880 quvtdam
1117 2807 1315 2878 fruebantur,
1338 2805 1424 2883 quod
1447 2825 1521 2866 cum

310 2911 521 2982 consuetudo,
538 2913 606 2968 tum
627 2911 834 2968 classicorum
857 2909 1100 2986 disciplinarum
1126 2912 1266 2971 lautores
1292 2912 1372 2971 berte
1390 2914 1522 2986 tueban-

309 3025 360 3078 tur
378 3035 383 3076 :
398 3035 497 3092 raeque
514 3023 608 3092 adaiae
624 3015 791 3074 hebraicus
815 3017 874 3074 sini
899 3016 1029 3093 ingenui
1053 3035 1216 3076 sennonos
1236 3018 1441 3094 putabantur,
1461 3019 1521 3078 soli

310 3124 396 3202 digni
413 3127 467 3200 qui
480 3125 517 3182 ab
533 3123 657 3181 erudito
672 3121 803 3180 bomine
820 3124 1019 3195 emerentur-3
1043 3130 1163 3183 ceteros
1178 3143 1235 3202 pro
1253 3125 1438 3202 vulgaribus
1450 3125 1523 3184 bar-

309 3231 457 3308 barisque
476 3229 620 3288 dialectis
641 3230 831 3304 reputabant
854 3247 911 3287 noc
935 3229 1106 3305 quisquam
1133 3231 1177 3289 eis
1194 3230 1307 3289 doctus
1328 3249 1439 3292 euram
1460 3231 1520 3290 im-

308 3337 482 3416 pendebat;
501 3340 636 3396 Graecos
652 3336 843 3412 Latinosque
861 3336 978 3394 imitari
995 3337 1070 3395 satis
1086 3337 1233 3397 babebat.

351 3447 395 3504 Ex
409 3444 459 3502 his
475 3442 682 3522 opinionibus
698 3443 772 3514 alia,
789 3459 854 3501 non
870 3443 978 3501 minus
994 3444 1101 3516 noxia,
1112 3427 1188 3503 'orta
1205 3449 1270 3504 erat
1288 3463 1293 3505 :
1316 3445 1521 3508 insueverant

310 3555 396 3614 enim
409 3553 597 3630 dignitatem
612 3551 784 3628 cujuslibet
799 3551 955 3609 serrnonis
971 3549 1162 3627 explendem,
1175 3570 1239 3611 non
1250 3569 1286 3612 ex
1300 3553 1394 3612 insita
1408 3561 1521 3614 natura

308 3665 422 3742 (quam
442 3659 609 3736 dispicere,
628 3658 817 3734 investigata
837 3658 908 3734 ejus
934 3657 1046 3716 intima
1073 3664 1242 3729 structura,
1266 3678 1330 3718 non
1359 3666 1518 3738 poterant,

308 3785 424 3845 neque,
441 3767 466 3824 si
491 3767 682 3844 potanssent,
705 3765 925 3842 curavissent),
944 3781 1010 3823 non
1032 3781 1069 3823 ex
1089 3763 1268 3824 litterarum
1287 3769 1519 3842 monumentis,

308 3894 374 3936 uon
394 3892 433 3934 ex
451 3879 541 3934 cuttu
558 3879 587 3934 et
603 3873 803 3932 humanitate
828 3889 1098 3944 rnoru1n,verum
1122 3891 1159 3932 ex
1182 3873 1382 3952 antiquitatis
1406 3875 1518 3954 gradu,

308 4001 404 4062 quem
423 3983 450 4043 ei
468 3982 630 4060 assignare
652 3980 797 4040 solebant
818 3985 874 4040 aut
890 3980 962 4057 jure
983 3979 1043 4039 sibi
1066 3980 1202 4059 quisque
1217 3981 1378 4044 vindicare
1390 3983 1520 4046 videba-

307 4099 368 4152 tur.
387 4092 507 4169 ltaque,
529 4108 592 4168 quo
617 4090 749 4167 propior
773 4089 877 4166 qttivis
900 4105 1004 4148 sermo
1030 4087 1178 4150 hebraico
1208 4089 1460 4168 existimabatur,
1483 4110 1519 4156 eo

307 4195 473 4262 doctorum
489 4215 599 4259 euram
613 4215 649 4257 ac
663 4196 807 4257 studium
822 4196 924 4274 inagis
940 4195 1179 4276 assequebatur.

347 4307 455 4389 igitur,
474 4321 548 4368 cum
566 4303 738 4366 llorbotius
756 4321 886 4365 oausam
911 4304 1039 4384 linguae
1054 4303 1255 4386 germanicae
1270 4303 1427 4388 agendam
1449 4322 1519 4370 sus·

309 4516 352 4528 u·-
357 4513 1509 4538 --u--m--mu--u---u--Q

320 4737 323 4744 .
340 4655 376 4722 tt>
393 4663 455 4730 tut,
473 4667 500 4716 ut
514 4657 629 4728 alebant,
647 4656 813 4714 tlnnnoaieaz
830 4657 988 4746 dapmnum.
