3462 5452
652 655 850 732 --51-

146 807 290 890 quodam
306 812 409 871 locoe
430 814 578 887 poemate
598 811 741 887 lingonis
765 811 802 872 de
821 813 994 889 l'rimberg,
1012 813 1098 890 quod
1116 811 1236 872 liet-aner
1252 813 1365 873 inscri-

146 920 236 978 bitur
249 919 305 992 (tl,
320 915 460 976 ostendit
476 933 574 992 qnam
590 932 696 992 pravo,
714 917 827 978 insana
842 917 1086 991 consuetudine,
1103 919 1235 997 quidam
1249 923 1362 996 sponte

146 1042 208 1084 sua
222 1025 372 1101 antiquos
388 1027 533 1081 auctores
549 1026 604 1081 aut
627 1023 778 1082 mutilent
802 1029 857 1083 ant
881 1024 1089 1100 amplificent,
1106 1041 1187 1101 quos
1207 1041 1362 1084 renovare

147 1136 180 1192 et
192 1131 386 1191 concinnare
403 1128 502 1186 veiint
512 1129 567 1204 (l).
581 1127 669 1188 Unde
685 1129 892 1189 manifestum
909 1130 943 1188 iit
957 1147 1031 1189 enm
1045 1133 1075 1188 et
1087 1129 1266 1188 litterarum
1281 1147 1364 1205 quae

148 1237 259 1298 medio
284 1253 360 1296 aevo
384 1233 569 1312 superfuere
586 1233 861 1294 studiosissimum
884 1234 983 1294 inisse
1008 1238 1039 1293 et
1065 1240 1151 1295 recto
1166 1236 1366 1313 probatoque

147 1344 274 1423 judicio
291 1341 497 1414 intellexisse,
514 1359 577 1418 qua
601 1345 668 1401 arte
686 1347 716 1401 et
738 1341 861 1402 ratione
878 1359 950 1402 vere
965 1342 1050 1401 docti
1066 1341 1214 1402 homines
1239 1341 1365 1402 codices

149 1451 388 1528 manuscriptos
405 1449 437 1507 in
454 1449 561 1508 lucem
576 1447 668 1508 edere
684 1448 831 1509 debeant.

190 1559 345 1622 Omnium
368 1556 483 1616 veteris
507 1556 708 1632 germanicae
733 1556 861 1634 linguae
886 1561 1184 1629 monumentorum,
1211 1573 1271 1616 nec
1297 1573 1363 1615 non

149 1665 463 1730 commentationum
485 1663 523 1722 de
545 1664 590 1722 eis
613 1662 767 1723 hactenus
792 1665 1046 1741 conscriptarum
1070 1663 1265 1741 peritissimo
1293 1681 1366 1722 oon·

137 1775 247 1851 ‚tingIt
260 1777 423 1849 praeterea
437 1769 605 1829 familiaris
616 1770 671 1830 ille
686 1770 870 1847 linguarum
885 1773 1132 1832 vernacularum
1149 1789 1167 1830 a
1182 1771 1366 1849 germanica

150 1880 386 1940 declinatarum
402 1895 490 1950 usus,
509 1877 563 1954 qui
586 1877 713 1953 saepius
728 1877 902 1937 romanicis
918 1877 1113 1955 quibusdam
1137 1878 1282 1938 dialectis
1303 1882 1367 1938 stu-

152 1987 240 2049 denti
257 1985 411 2046 defuerat.

191 2093 355 2158 Oriundns
374 2090 461 2152 enim
476 2109 515 2150 ex
529 2090 592 2150 oris
613 2090 723 2150 Baltici
740 2091 837 2150 maris
853 2095 984 2151 cunctas
1000 2108 1102 2168 paene
1119 2091 1279 2150 interioris
1295 2092 1368 2151 Ger·

152 2201 282 2261 maniae
307 2198 459 2258 dialectos
487 2215 504 2256 a
528 2197 665 2274 pueritia
689 2197 787 2274 longo
810 2197 1003 2256 commercio
1028 2200 1057 2256 et
1086 2214 1147 2256 usu
1178 2196 1366 2275 quotidiano

152 2306 302 2378 callebat,
323 2322 382 2364 nec
408 2321 444 2362 eo
465 2302 572 2362 minus
597 2303 769 2379 superioris
796 2303 998 2380 germanicae
1023 2303 1164 2380 linguae,
1186 2320 1268 2380 quae
1290 2323 1365 2362 aeu-

152 2409 357 2472 bocbdeutscb
373 2409 500 2481 dicitnr,
523 2408 583 2467 sibi
602 2409 754 2468 eximiam
770 2412 801 2468 et
820 2409 955 2469 dicendo
969 2414 1000 2468 et
1019 2409 1186 2469 scribendo
1199 2427 1366 2488 compara-

151 2524 241 2580 verat
264 2517 422 2596 peritiam.
452 2516 577 2587 Quanta
611 2516 698 2574 enim
724 2533 799 2575 cum
828 2517 970 2575 sollertia
996 2522 1179 2594 quantaque
1207 2516 1367 2577 munditia

152 2625 336 2686 teutonicae
354 2623 483 2700 linguae
497 2621 601 2681 torma
617 2639 634 2680 a
648 2623 723 2681 viris
739 2621 841 2682 doctis
856 2628 1009 2699 usurpata
1023 2624 1070 2683 uti
1091 2624 1204 2683 solitus
1221 2625 1271 2697 sit,
1291 2625 1366 2685 satis

152 2735 357 2810 compertum
377 2735 425 2790 est
446 2746 560 2808 genere
582 2728 719 2802 dicendi,
744 2729 831 2807 quod
859 2730 1001 2807 optimus
1024 2731 1093 2808 ejus
1113 2731 1254 2803 libellus,
1272 2729 1368 2789 Insti-

153 2839 233 2900 tutio
256 2838 397 2916 praebet‚
418 2853 515 2914 quem
537 2835 563 2894 si
585 2853 660 2894 oum
682 2834 850 2895 Schottelii
870 2833 967 2916 Opere
988 2835 1024 2896 de
1044 2835 1168 2917 Lingua
1186 2835 1368 2899 Germanico

151 2942 391 3028 (Ausfiibrlicbe
405 2941 527 3023 Arbeit)
544 2943 700 3016 conteras
717 2943 845 3020 planius
862 2945 1037 3022 apparebit,
1052 2950 1211 3023 quantum
1223 2945 1367 3006 Morhoiii

154 3071 252 3133 opera
275 3052 316 3112 sit
337 3051 496 3127 ellectum,
513 3055 548 3109 ut
570 3049 681 3128 lingua
702 3051 886 3127 germanica
907 3050 946 3110 ad
969 3051 1170 3112 subtiliorem
1190 3057 1222 3112 et
1243 3069 1369 3130 expres·

155 3163 276 3222 siorem
298 3176 405 3220 rerum
426 3157 681 3218 enuntiationem
704 3158 805 3236 magis
830 3175 866 3218 ac
886 3159 990 3236 magis
1012 3158 1128 3218 idonea
1148 3160 1246 3220 fieret.

195 3271 297 3346 Saepe
315 3281 351 3328 ac
372 3266 426 3327 diu
448 3266 482 3324 in
499 3265 627 3325 Batavia
644 3271 861 3325 commoratus
877 3269 908 3325 et
932 3266 1056 3338 litteris,
1075 3284 1156 3344 quae
1178 3270 1256 3327 tuno
1278 3267 1311 3326 in
1332 3285 1369 3327 ea

154 3377 286 3456 regione
301 3375 440 3433 maxime
455 3373 619 3444 florebant,
643 3370 772 3431 assiduo
788 3361 982 3433 commercio
999 3372 1137 3446 deditus,
1152 3375 1279 3451 penitus
1295 3391 1367 3452 per·

155 3487 284 3562 ceperat
300 3482 390 3541 illam
405 3480 597 3539 Batavorum
615 3479 772 3557 linguam,
792 3497 885 3556 quae,
907 3484 942 3539 ut
962 3480 1029 3557 ipse
1052 3479 1107 3553 ait,
1121 3479 1204 3539 nihil
1225 3480 1312 3540 aliud
1335 3498 1369 3541 re

155 3610 232 3653 vera
243 3594 303 3662 est,
316 3589 377 3648 nisi
393 3587 580 3648 felicissima
593 3603 734 3664 propago
749 3586 832 3645 inter
844 3603 956 3646 omnes
970 3604 1008 3646 ex
1025 3586 1170 3646 interiori
1184 3588 1368 3664 germanica

156 3700 255 3776 stirpe
280 3698 466 3775 prognatus
493 3693 545 3753 cui
571 3693 716 3771 contigit,
745 3693 844 3753 totius
878 3694 982 3770 gentis
1007 3693 1040 3752 in
1067 3711 1122 3752 ora
1151 3695 1367 3755 communiter

155 3805 277 3866 venire.
301 3801 419 3862 Eodem
440 3799 550 3871 modo,
574 3816 660 3873 cum,
686 3799 734 3859 bis
757 3801 891 3878 repetito
912 3800 1037 3874 itinere,
1068 3800 1101 3860 in
1127 3801 1290 3862 Britannia
1312 3801 1368 3865 diu

155 3916 302 3975 versatus
326 3912 419 3983 esset,
446 3907 605 3986 anglicam
631 3907 776 3986 linguam
800 3905 1023 3986 perdidicerat‚
1046 3925 1144 3987 quarn
1168 3927 1247 3988 pure
1270 3909 1370 3972 diser·

156 4025 253 4102 teque
281 4009 467 4096 usurpabat,
495 4014 588 4096 ouius
609 4015 724 4077 notitia
749 4016 870 4078 tirones
895 4017 993 4078 etiam
1023 4015 1223 4080 academicos
1251 4018 1370 4082 Kilonii

160 4245 307 4260 ,,

191 4402 227 4468 ti)
246 4401 357 4460 Tantum
372 4406 537 4467 credilium
559 4420 629 4462 anno
644 4403 768 4463 Mbbllx
780 4403 944 4463 Francoiurtl
966 4407 1064 4476 publici
1076 4407 1144 4476 juris
1166 4407 1226 4462 tacti
1239 4409 1364 4474 dosump⁴

147 4503 289 4562 :tum-cum
304 4503 394 4558 codice
417 4507 596 4575 manuscripto
609 4505 725 4575 quodam
746 4505 915 4576 contempni
941 4511 1005 4561 tunc
1026 4508 1052 4560 in
1068 4504 1199 4560 manibus
1216 4503 1370 4578 narquarl¹

158 4599 235 4655 anun
248 4605 315 4654 erat.

194 4698 227 4767 (2)
249 4693 318 4762 Uul„
332 4699 455 4752 ³5¹·ltti
