3446 5452
676 557 888 646 -lOl-

172 735 290 824 cipuae
310 759 405 808 curae
430 741 528 809 luisse
546 749 687 828 apparet,
704 751 740 809 ut
756 745 863 810 Loclii
880 745 1066 828 opinionem
1090 743 1128 811 de
1145 748 1270 830 origine
1282 745 1393 830 ‘inipe-

169 853 252 914 sitae
273 854 390 934 cuique
415 855 540 916 nomint
564 853 808 936 significationis
832 857 993 918 refelleret
1019 861 1114 936 atque
1139 856 1172 918 in
1199 874 1237 919 ea
1263 864 1391 920 contro·

167 962 276 1022 versia
291 960 470 1023 dirimenda
494 962 588 1024 tacite
602 962 742 1042 quidem,
759 980 820 1024 uec
835 962 906 1024 ideo
929 963 1035 1025 minus
1051 963 1188 1043 liquide,
1207 963 1389 1045 Claubergii

172 1071 364 1130 auctoritate
388 1071 554 1131 niteretur.
571 1071 599 1131 ls
618 1071 702 1131 enirn
721 1071 847 1132 sortiter
860 1071 923 1132 boc
938 1090 1067 1151 quoque
1086 1072 1277 1151 jamdudum
1293 1091 1391 1154 nega-

168 1179 273 1249 verat,
284 1177 335 1237 vel
351 1195 427 1236 casu
440 1177 574 1256 imponi,
591 1178 641 1237 vel
657 1177 788 1237 arbitrio
807 1179 922 1238 mutari
939 1180 1108 1239 verborum
1126 1179 1387 1259 significationes,

169 1298 313 1359 cumque
328 1287 438 1343 contra
453 1301 506 1342 eas
526 1300 564 1343 ex
586 1283 680 1343 certis
702 1283 907 1362 quibusdam,
926 1289 962 1344 ut
981 1285 1251 1347 reconditioribus
1275 1292 1307 1348 et
1328 1289 1389 1366 ipsi

169 1387 336 1450 humanae
357 1390 455 1449 menti
480 1390 584 1450 insitis
605 1390 729 1478 legibus
752 1391 890 1468 pendere
910 1391 1118 1464 existimaret,
1139 1393 1217 1471 quid
1236 1393 1273 1454 de
1295 1412 1389 1474 argu-

170 1500 284 1556 mento
301 1497 334 1556 in
347 1497 534 1557 universum
545 1497 687 1569 sentiret,
703 1498 754 1557 bis
769 1502 874 1558 sextae
890 1522 905 1553 «
918 1499 1058 1577 Regulae
1075 1523 1089 1554 n
1107 1519 1184 1560 suae
1197 1502 1302 1562 verbis
1313 1519 1390 1562 con-

170 1607 313 1680 ceperat,
335 1603 452 1681 quibus
476 1603 668 1663 Leibnitium
693 1604 788 1681 plane
812 1605 959 1664 assentiri
979 1609 1087 1682 patet:
1106 1606 1161 1665 «Α
1183 1607 1389 1668 sensibilibus

169 1709 214 1772 ad
232 1709 450 1789 intelligibilia
465 1727 559 1787 quam
579 1710 719 1787 plurima
735 1711 892 1771 vocabula
907 1715 982 1772 sunt
996 1713 1145 1774 traducta
1162 1737 1176 1769 o
1196 1713 1250 1795 (l).

210 1817 389 1878 Posteriore
402 1819 509 1876 autem
524 1815 668 1894 ejusdem
682 1819 858 1878 sententiae
874 1823 962 1896 parte
982 1820 1157 1880 Leibnitius
1172 1821 1278 1898 ipsum
1294 1822 1388 1883 Clau·

170 1925 318 2004 bergium
344 1940 491 2001 expresse
521 1928 552 1983 et
574 1923 766 1983 nominatim
793 1928 906 1985 testem
933 1925 1018 1997 citat,
1046 1930 1087 1998 et,
1113 1932 1285 2005 postquam
1315 1945 1387 1988 eum

167 2030 273 2110 (quod
287 2048 354 2090 non
367 2031 525 2090 inutiliter
537 2033 621 2090 certe
634 2030 808 2108 notaveris)
824 2030 935 2090 eodem
952 2032 1104 2110 epitheto,
1122 2051 1185 2110 quo
1204 2035 1387 2108 Morhonus,

168 2137 310 2209 ornavit,
327 2159 342 2191 α
365 2136 540 2216 tielisinnig
561 2157 575 2190 o
602 2137 724 2197 scilicet
744 2138 797 2213 (2),
823 2137 885 2198 boc
910 2139 1115 2216 potissimum
1138 2140 1171 2199 in
1195 2142 1266 2219 ejus
1294 2142 1388 2203 laude

169 2244 275 2322 ponit,
294 2243 380 2320 quod
398 2243 515 2303 multos
533 2243 600 2321 jam
620 2247 693 2302 ante
713 2260 814 2303 annos
836 2243 922 2304 baud
946 2243 1129 2306 dubitanter
1144 2247 1385 2322 existimaverit,

171 2376 187 2408 «
203 2353 238 2412 in
249 2351 431 2430 germanica
447 2351 567 2428 lingua,
578 2353 688 2427 utpote
701 2350 816 2428 origini
831 2351 1154 2430 proxima,cujusque
1168 2354 1317 2414 vocabuli
1327 2355 1389 2432 pri-

171 2458 317 2518 mitivam
333 2456 472 2518 radicem
489 2456 726 2536 quamprimum
743 2461 774 2516 et
794 2473 890 2534 quarn
914 2457 1172 2518 manifestissime
1194 2477 1387 2537 apparere»,

170 2564 254 2626 etde
272 2582 309 2625 ea
325 2563 512 2641 quaestione
529 2561 650 2622 dudum
666 2563 841 2640 peculiaria
855 2564 1014 2623 nonnulla
1028 2565 1060 2623 in
1071 2565 1230 2642 opusculo
1249 2566 1387 2643 quodam

168 2671 386 2751 proposuerit.
412 2669 507 2729 Recte
532 2668 673 2746 quidem,
695 2686 767 2729 cum
795 2673 910 2728 cuncta
938 2688 956 2729 a
980 2670 1169 2749 Claubergio
1198 2673 1336 2751 cogitata
1359 2678 1390 2734 et

171 2777 327 2838 meditata
341 2775 380 2836 ad
396 2775 479 2835 banc
495 2792 653 2834 summam
669 2774 933 2852 inquirendarum
949 2777 1219 2855 etymologiarum
1233 2781 1389 2841 rationem

170 2884 210 2944 ab
234 2884 303 2961 ipso
328 2882 362 2941 in
382 2881 485 2959 prima
509 2881 610 2940 libelli
635 2880 738 2941 fronte
766 2881 816 2940 his
840 2881 945 2941 verbis
971 2883 1202 2961 praescriptam
1232 2886 1388 2948 tendant:

171 3015 186 3046 «
204 2989 344 3050 Deuisch
358 3006 421 3048 von
438 2987 629 3047 Deutscbem
646 3010 674 3059 n,
689 3005 748 3048 nec
760 2987 908 3048 Leibnitii
922 2988 1072 3049 laudibus
1089 2991 1268 3069 quidquam
1280 2995 1390 3054 extolli

170 3098 324 3178 potuerit,
340 3097 403 3156 nisi
424 3095 506 3155 duae
522 3112 632 3155 earum
649 3118 663 3149 «
681 3094 918 3174 Regularum»,
936 3113 1015 3172 quas
1034 3095 1248 3176 Claubergius
1272 3102 1391 3161 consti-

169 3209 287 3276 tuerat,
302 3205 405 3282 prima
420 3202 544 3263 scilicet
560 3206 591 3262 et
612 3201 756 3279 septima,
774 3219 909 3278 quarum
926 3203 1067 3280 priorem
1086 3205 1151 3281 jem
1171 3223 1267 3282 supra
1280 3208 1391 3266 rotuli-

172 3330 256 3385 muS,
273 3310 431 3391 posterior
443 3327 519 3369 vero
542 3309 580 3367 ab
599 3326 635 3368 eo
653 3308 698 3367 sic
720 3308 929 3368 enuntiatur:
946 3310 1214 3371 «Vocabulorum
1240 3314 1390 3373 Teutoni-

173 3436 287 3480 corum
309 3417 411 3494 major
426 3419 474 3477 est
495 3414 690 3493 quandoque
713 3415 839 3474 bonitas
863 3432 957 3492 quarn
973 3417 1178 3488 Graecorum,
1203 3420 1389 3480 Latinorum

174 3526 379 3602 aliorumque
395 3523 635 3600 peregrinorum
654 3543 668 3574 »
682 3521 733 3598 (3l.

213 3633 301 3704 Quae
325 3633 429 3691 autem
454 3629 574 3688 suerint
598 3628 676 3686 istae
703 3628 906 3704 «peculiares
934 3631 1110 3690 sententiae
1123 3654 1150 3702 n,
1181 3631 1271 3708 quod
1294 3633 1392 3695 luerit

174 3738 294 3816 «parvi
320 3735 452 3796 libelli»
481 3738 707 3812 argurrientum
744 3735 860 3793 trustra
898 3734 981 3812 apud
1013 3738 1206 3797 Leibnitium
1242 3758 1388 3816 quaeras

174 3845 305 3905 Minime
319 3843 438 3902 mirum
460 3841 602 3920 proiecto
620 3859 626 3900 :
642 3859 719 3900 nam
738 3859 776 3901 ex
792 3842 905 3902 litteris
922 3844 960 3902 ab
987 3861 1024 3903 eo
1050 3845 1089 3903 ad
1112 3845 1284 3907 liudolfum
1305 3867 1390 3910 anno

178 3953 256 4012 1698
276 3951 383 4010 missis
400 3950 512 4027 liquet,
526 3966 596 4009 euni
611 3949 792 4027 Claubergii
810 3949 955 4010 libellum
975 3975 989 4006 i<
1008 3951 1150 4011 nonduin
1169 3954 1317 4014 vidisse»
1336 3955 1389 4036 (ll).

206 4215 240 4274 (t)
261 4212 331 4269 usit,
347 4213 404 4260 495.
426 4236 444 4244 ·
466 4211 533 4259 Casu
554 4212 600 4258 aiut
615 4208 724 4258 arbitrio
747 4211 841 4258 invitari
864 4209 1003 4260 verborum
1028 4212 1237 4278 significationes
1252 4218 1276 4263 et
1293 4213 1390 4263 forinas

179 4307 296 4371 praecise
307 4309 387 4369 negat
398 4305 476 4354 etiarn
493 4303 635 4353 llorliotius
651 4303 741 4352 multis
753 4304 816 4353 locis
825 4319 832 4366 ;
849 4303 882 4354 ct.
900 4304 989 4355 intra..

208 4400 244 4460 (2)
259 4399 297 4450 cl.
318 4400 379 4448 Una.
397 4397 471 4458 ced,
488 4399 503 4461 ᾖ
521 4400 550 4448 50
565 4401 590 4447 ct
607 4398 677 4458 vire,
694 4401 752 4447 457.

214 4493 247 4556 (3)
270 4496 340 4553 Uret„
354 4496 412 4544 495.
843 4492 844 4496 ’

217 4593 253 4654 ql)
274 4591 344 4651 Dat,
359 4590 399 4650 vl,
423 4602 485 4653 pars
508 4591 532 4646 2,
547 4601 573 4652 p.
599 4591 646 4638 llil
661 4604 667 4638 ι
685 4605 697 4634 o
715 4587 886 4654 Claubergius
907 4589 1022 4640 libellum
1039 4592 1135 4642 dicitur
1148 4593 1269 4652 edidisse,
1289 4593 1330 4642 ubi
1359 4591 1390 4643 de
