3462 5452
870 621 1030 702 ..6-

350 771 453 839 obiter
471 778 654 856 temporum
671 782 922 858 computatione,
945 786 1041 860 patet,
1064 779 1254 845 Morhofium
1270 783 1409 862 priorem
1423 773 1461 843 de
1475 801 1511 844 ee
1526 801 1558 844 re

352 885 539 945 disseruisse
561 891 591 946 et
617 887 850 948 dubitationem
879 891 1066 951 sustulisse:
1091 893 1160 970 ejus
1182 893 1267 952 enim
1287 890 1446 951 Institutio
1475 909 1558 951 anuo

351 995 428 1054 1682
453 994 538 1054 edita
561 1000 619 1066 est,
645 995 792 1056 Leibnitii
815 1002 922 1056 autem
942 997 979 1057 ad
1005 999 1197 1059 Teuzelium·
1214 1000 1355 1078 Epistola
1380 1017 1464 1058 anno
1483 999 1557 1058 1697

351 1104 478 1181 scripta.
502 1106 585 1176 lam,
603 1105 629 1164 si
652 1105 732 1165 velis
753 1104 949 1183 perpendere
969 1111 1076 1165 utrum
1096 1107 1251 1185 scriptum
1273 1107 1448 1185 legentium
1478 1106 1558 1166 exis-

347 1214 549 1273 timationem
565 1213 667 1291 magis
683 1213 830 1284 moverit,
849 1213 1033 1272 meminisse
1062 1212 1163 1283 decet,
1184 1214 1329 1273 Morbosri
1345 1232 1425 1290 opus
1440 1215 1559 1272 extem-¹

350 1321 404 1398 plo
420 1319 459 1380 ad
475 1336 587 1378 onmes
603 1318 714 1379 doctos
734 1319 939 1396 pertinuisse,
961 1337 1024 1396 que
1046 1319 1165 1379 tectum
1185 1320 1225 1380 sit
1244 1326 1277 1379 ut
1301 1321 1369 1397 ejus
1390 1319 1557 1388 seutentin,

351 1425 448 1485 simul
469 1429 564 1502 atque
584 1424 669 1483 edita
691 1429 783 1494 esset,
808 1425 870 1484 lete
895 1430 1145 1502 pernotosceret;
1171 1427 1318 1485 leibnitii
1348 1431 1458 1485 contra
1481 1425 1561 1501 epis-

353 1533 464 1601 tolam,
488 1537 598 1608 utpote
622 1532 679 1590 uui
701 1535 825 1592 tantum
843 1533 946 1592 emico
973 1533 1004 1591 iu
1021 1551 1135 1592 ruauus
1159 1533 1319 1603 traditam,
1343 1533 1454 1593 multis
1470 1533 1561 1592 annis

351 1644 423 1716 post
437 1644 604 1700 mortuum
620 1639 850 1716 philosophum
865 1639 946 1716 juris
965 1639 1085 1716 publici
1100 1639 1217 1699 tectam
1233 1658 1313 1711 esse,
1333 1657 1407 1699 cum
1425 1637 1506 1698 nibil
1525 1656 1561 1698 en

347 1746 415 1824 jam
430 1745 504 1806 novi
521 1745 656 1814 att'erret,
674 1744 760 1822 quod
778 1743 953 1821 diremptae
972 1745 1097 1822 jumdiu
1113 1746 1347 1806 coutroversiae
1365 1745 1538 1823 prodesset.

391 1852 450 1914 Sed
468 1852 535 1930 ipse
551 1852 737 1920 Leibuitius,
755 1852 804 1911 rel
825 1871 909 1913 utino
925 1854 1010 1918 ltltli,
1029 1870 1091 1912 uou
1111 1854 1153 1911 ite
1168 1853 1291 1929 pridem
1309 1857 1508 1914 concesserat
1531 1851 1561 1912 iu

350 1961 552 2026 sententium,
579 1977 671 2036 uirile,
694 1977 766 2020 curu
785 1960 822 2018 ub
846 1979 882 2015 oo
900 1959 930 2020 iu
949 1957 1007 2018 bor
1032 1960 1163 2036 «pistule
1190 1967 1252 2019 tum
1281 1965 1408 2020 strenuo
1432 1959 1561 2020 debesa

351 2073 443 2134 osset,
460 2073 499 2126 lot
520 2067 565 2128 illi
583 2067 734 2126 detineto
758 2073 923 2143 iuniusque
944 2067 1052 2126 leudes
1072 2069 1265 2127 conciliauit.
1292 2070 1460 2144 superbie
1478 2071 1562 2142 euim

351 2195 446 2242 aurio,
465 2192 537 2234 cum
555 2173 593 2233 ud
611 2174 887 2251 tiperreut'elrlium
905 2175 1063 2250 <proellum
1081 2175 1117 2232 do
1144 2194 1238 2251 «pirre
1264 2175 1434 2252 postliumo
1464 2177 1563 2236 Putris

351 2282 551 2343 'l'lromussiui
578 2281 739 2348 scriberet,
762 2281 810 2340 bis
830 2282 931 2339 euntis
955 2299 990 2340 uc
1014 2282 1253 2358 cirrumsperts
1275 2269 1377 2340 rerbi's
1397 2284 1560 2342 utebatur:

353 2413 366 2444 e
385 2393 430 2452 tiu
447 2387 552 2448 attend
569 2407 611 2447 un
627 2406 764 2462 orrrrupe
781 2389 952 2464 posthume
967 2387 1008 2446 du
1022 2390 1053 2447 P.
1069 2388 1256 2447 Tliomussiu
1274 2389 1311 2446 do
1329 2389 1502 2457 l‘Orutoire,
1520 2392 1562 2449 oir

351 2498 372 2557 il
387 2495 610 2574 pretenduous
626 2495 748 2554 douuer
760 2494 949 2554 l‘lrurmouie
966 2494 1019 2553 des
1032 2496 1174 2572 leugues,
1193 2501 1220 2553 et
1236 2513 1274 2554 eu
1288 2497 1331 2553 les
1348 2496 1560 2572 rupproclruut

349 2609 455 2663 tontes
472 2603 509 2662 de
524 2604 731 2680 l'bebrarque,
745 2607 886 2661 ruontrer
902 2621 963 2680 quc
977 2603 1005 2662 le
1021 2621 1116 2680 grune
1130 2603 1262 2663 liumuin
1282 2605 1366 2663 v'ent
1380 2609 1445 2663 tout
1462 2605 1564 2664 entier

352 2710 495 2770 d'rldam.
524 2707 600 2769 C'rst
618 2728 675 2768 uue
691 2708 810 2788 prende
826 2717 852 2766 rt
869 2707 945 2768 belle
960 2709 1128 2788 ‹coepi-ie
1145 2729 1206 2788 quc
1223 2713 1302 2770 celle
1320 2711 1357 2771 dc
1375 2712 1563 2772 l‘harmonie

352 2816 406 2876 des
422 2818 571 2894 langues3
588 2817 669 2875 mais
682 2817 715 2892 jo
730 2815 825 2875 doute
839 2834 900 2892 uuo
914 2834 948 2903 ce
965 2819 1050 2884 Pire,
1063 2819 1202 2894 quelque
1214 2824 1339 2890 suerent
1357 2823 1382 2878 et
1399 2817 1562 2878 laborieux

351 2923 428 3000 qu'il
443 2923 486 2982 ait
500 2925 559 2992 ote,
576 2923 619 2980 uit
634 2940 677 2999 pu
694 2921 877 2999 dignement
895 2924 1094 2982 truitercette
1113 2925 1243 2983 metiore
1261 2949 1274 2977 o
1294 2927 1347 2994 lt).

390 3031 522 3089 Nullum
540 3030 581 3087 ibi
599 3030 738 3105 reperias
755 3030 899 3098 verbum,
918 3048 981 3106 quo
997 3030 1197 3090 l'lromussiui
1220 3032 1420 3108 propositum
1443 3032 1562 3108 impro-

351 3139 400 3197 bet
422 3137 597 3196 Leibuitius
622 3143 677 3195 aut
699 3137 851 3214 signiticet
880 3137 958 3196 illud
983 3138 1042 3196 sibi
1059 3155 1177 3196 tranum
1201 3137 1323 3197 videri:
1352 3156 1411 3196 nec
1430 3138 1561 3208 mirum,

351 3263 425 3305 cum
438 3245 621 3322 opinionem
647 3262 711 3303 nou
728 3244 824 3302 nimis
841 3244 1023 3303 absimilem
1040 3262 1166 3320 semper
1182 3245 1248 3321 ipse
1265 3245 1379 3303 loverit
1395 3247 1449 3317 (ἓ).

390 3357 465 3414 Post
479 3353 599 3430 aliquot
615 3369 727 3422 tumes,
744 3369 816 3410 cum
834 3351 1020 3420 leibnitius,
1033 3351 1070 3410 ad
1088 3352 1251 3428 propriam
1270 3350 1307 3409 de
1324 3369 1356 3410 re
1372 3350 1562 3409 seutentiam

352 3478 550 3541 progressus,
567 3459 717 3518 hebraico
732 3459 883 3530 sermoni,
905 3463 941 3517 ut
959 3459 1071 3518 ceteris
1089 3459 1174 3517 notis
1189 3458 1402 3531 sermonibus,
1424 3458 1478 3535 jus
1498 3457 1563 3534 pri-

352 3567 497 3646 migenii,
520 3564 651 3642 perinde
672 3582 709 3624 ac
731 3564 917 3637 Morbotius
944 3565 1125 3642 denegaret,
1150 3565 1336 3641 opinionem
1359 3563 1474 3624 iisdem
1498 3565 1562 3623 tere

352 3674 457 3734 verbis
472 3676 566 3749 atque
582 3671 754 3731 Morbotius
766 3671 890 3747 aperuit
906 3694 920 3725 «
936 3669 974 3730 de
984 3671 1089 3748 primo
1106 3670 1161 3729 illo
1174 3687 1331 3741 sermone,
1347 3670 1401 3746 qui
1418 3688 1435 3728 a
1451 3669 1562 3730 ceteris

354 3782 559 3857 discreparet,
576 3795 670 3855 aquo
685 3778 781 3837 ceteri
797 3776 919 3852 aliquid
935 3777 1073 3835 mutuati
1087 3781 1193 3836 essent
1209 3799 1236 3836 n.
1261 3777 1303 3836 De
1322 3794 1386 3853 quo
1409 3777 1563 3836 eximium

352 3889 413 3948 sert
427 3886 648 3947 testimonium
669 3884 722 3943 hic
741 3885 831 3943 locus
853 3883 885 3942 iu
908 3881 998 3941 Brevi
1014 3879 1244 3962 Desipectione
1267 3900 1347 3960 quae
1374 3899 1458 3942 anuo
1487 3885 1564 3942 1710

859 4071 1090 4079 —---—--

386 4179 421 4245 (t)
439 4181 509 4242 Due,
526 4183 555 4243 V,
571 4184 629 4232 545.

383 4279 422 4342 t2)
440 4276 542 4327 Accidit
557 4275 674 4341 proiecto
689 4280 718 4326 ut
731 4275 762 4327 de
787 4289 817 4327 eo
839 4289 927 4339 opere,
949 4288 1019 4326 anuo
1044 4278 1107 4326 1698
1125 4275 1233 4327 Ludolio
1248 4275 1376 4334 scribens,
1393 4273 1457 4325 baec
1472 4273 1563 4325 dicat:

355 4386 369 4416 «
388 4371 485 4421 Omnes
498 4373 586 4421 eutem
602 4371 708 4437 linguas
720 4385 752 4421 ex
769 4370 897 4421 ilebmica
912 4370 1040 4431 derivare,
1057 4371 1158 4420 irritum
1171 4383 1235 4421 saue
1246 4373 1295 4421 erit
1310 4369 1438 4420 studium.
1455 4387 1467 4418 u
1483 4369 1564 4431 (nob,

350 4468 392 4527 Vl,
410 4469 476 4527 till.
494 4466 544 4517 Sed
562 4466 657 4516 librum
669 4465 810 4516 Nouoeuec
831 4465 918 4514 beau
941 4466 1090 4529 respicienti
1114 4468 1233 4530 apparet,
1249 4469 1331 4515 totum
1346 4467 1563 4529 argumentorum

351 4563 454 4620 seriem,
465 4575 533 4626 quoe
547 4563 620 4612 initio
634 4563 728 4626 capitis
738 4562 758 4610 ll
773 4559 839 4610 Libri
854 4563 883 4610 ill
895 4564 1048 4620 occurrunt,
1061 4558 1122 4609 nibil
1139 4561 1187 4609 nisi
1201 4560 1354 4610 continuum
1366 4571 1413 4624 pro
1428 4558 1565 4610 borruouiu

351 4657 663 4724 linguarum·0rutioucm
680 4656 813 4723 praebere.
