<?xml version="1.0" encoding="UTF-8"?>
<!DOCTYPE html PUBLIC "-//W3C//DTD XHTML 1.0 Transitional//EN"
    "http://www.w3.org/TR/xhtml1/DTD/xhtml1-transitional.dtd">
<html xmlns="http://www.w3.org/1999/xhtml" xml:lang="en" lang="en">
 <head>
  <title>
</title>
<meta http-equiv="Content-Type" content="text/html;charset=utf-8" />
  <meta name='ocr-system' content='tesseract 3.04.00' />
  <meta name='ocr-capabilities' content='ocr_page ocr_carea ocr_par ocr_line ocrx_word'/>
</head>
<body>
  <div class='ocr_page' id='page_1' title='image "./dedgmorhofiolei00fcgoog_0078.png"; bbox 0 0 3462 5452; ppageno 0'>
   <div class='ocr_carea' id='block_1_1' title="bbox 674 607 856 687">
    <p class='ocr_par' dir='ltr' id='par_1_1' title="bbox 674 607 856 687">
     <span class='ocr_line' id='line_1_1' title="bbox 674 607 856 687; baseline 0 -21"><span class='ocrx_word' id='word_1_1' title='bbox 674 607 856 687; x_wconf 63' lang='grc' dir='ltr'>,50ω</span> 
     </span>
    </p>
   </div>
   <div class='ocr_carea' id='block_1_2' title="bbox 152 755 1373 4258">
    <p class='ocr_par' dir='ltr' id='par_1_2' title="bbox 152 755 1369 1590">
     <span class='ocr_line' id='line_1_2' title="bbox 152 755 1366 842; baseline -0.005 -14"><span class='ocrx_word' id='word_1_2' title='bbox 152 761 366 828; x_wconf 80' lang='lat' dir='ltr'><strong>nominantur</strong></span> <span class='ocrx_word' id='word_1_3' title='bbox 391 767 500 826; x_wconf 88' lang='lat' dir='ltr'>tamen</span> <span class='ocrx_word' id='word_1_4' title='bbox 533 768 712 826; x_wconf 88' lang='lat' dir='ltr'>ceterorum</span> <span class='ocrx_word' id='word_1_5' title='bbox 740 768 1026 827; x_wconf 78' lang='lat' dir='ltr'>monumentorum</span> <span class='ocrx_word' id='word_1_6' title='bbox 1054 761 1214 826; x_wconf 88' lang='lat' dir='ltr'>veteribus</span> <span class='ocrx_word' id='word_1_7' title='bbox 1247 755 1366 842; x_wconf 76' lang='lat' dir='ltr'>linguis</span> 
     </span>
     <span class='ocr_line' id='line_1_3' title="bbox 154 871 1366 954; baseline -0.003 -20"><span class='ocrx_word' id='word_1_8' title='bbox 154 874 349 954; x_wconf 81' lang='lat' dir='ltr'>germanicis</span> <span class='ocrx_word' id='word_1_9' title='bbox 369 873 624 950; x_wconf 86' lang='lat' dir='ltr'>conscriptorum</span> <span class='ocrx_word' id='word_1_10' title='bbox 644 878 802 947; x_wconf 87' lang='lat' dir='ltr'>auctores,</span> <span class='ocrx_word' id='word_1_11' title='bbox 821 873 859 934; x_wconf 92' lang='lat' dir='ltr'>de</span> <span class='ocrx_word' id='word_1_12' title='bbox 882 874 998 952; x_wconf 89' lang='lat' dir='ltr'>quibus</span> <span class='ocrx_word' id='word_1_13' title='bbox 1014 878 1150 947; x_wconf 89' lang='lat' dir='ltr'>constat,</span> <span class='ocrx_word' id='word_1_14' title='bbox 1174 878 1208 934; x_wconf 87' lang='lat' dir='ltr'>ut</span> <span class='ocrx_word' id='word_1_15' title='bbox 1225 871 1366 935; x_wconf 87' lang='lat' dir='ltr'>Otfridus</span> 
     </span>
     <span class='ocr_line' id='line_1_4' title="bbox 153 980 1367 1060; baseline -0.001 -19"><span class='ocrx_word' id='word_1_16' title='bbox 153 986 184 1041; x_wconf 87' lang='lat' dir='ltr'>et</span> <span class='ocrx_word' id='word_1_17' title='bbox 205 980 381 1053; x_wconf 81' lang='lat' dir='ltr'>Caedmon,</span> <span class='ocrx_word' id='word_1_18' title='bbox 406 998 467 1041; x_wconf 91' lang='lat' dir='ltr'>nec</span> <span class='ocrx_word' id='word_1_19' title='bbox 487 981 580 1058; x_wconf 90' lang='lat' dir='ltr'>plura</span> <span class='ocrx_word' id='word_1_20' title='bbox 603 981 780 1041; x_wconf 84' lang='lat' dir='ltr'>afferuntur</span> <span class='ocrx_word' id='word_1_21' title='bbox 805 981 843 1042; x_wconf 93' lang='lat' dir='ltr'>de</span> <span class='ocrx_word' id='word_1_22' title='bbox 868 983 974 1060; x_wconf 85' lang='lat' dir='ltr'>gotico</span> <span class='ocrx_word' id='word_1_23' title='bbox 996 1000 1143 1042; x_wconf 82' lang='lat' dir='ltr'>sermone</span> <span class='ocrx_word' id='word_1_24' title='bbox 1167 999 1265 1059; x_wconf 89' lang='lat' dir='ltr'>quam</span> <span class='ocrx_word' id='word_1_25' title='bbox 1287 982 1367 1041; x_wconf 88' lang='lat' dir='ltr'>baec</span> 
     </span>
     <span class='ocr_line' id='line_1_5' title="bbox 153 1080 1366 1166; baseline 0 -20"><span class='ocrx_word' id='word_1_26' title='bbox 153 1087 269 1148; x_wconf 87' lang='lat' dir='ltr'>verba:</span> <span class='ocrx_word' id='word_1_27' title='bbox 296 1111 310 1141; x_wconf 73' lang='lat' dir='ltr'>a</span> <span class='ocrx_word' id='word_1_28' title='bbox 335 1087 412 1146; x_wconf 84' lang='lat' dir='ltr'>blais</span> <span class='ocrx_word' id='word_1_29' title='bbox 433 1086 462 1146; x_wconf 90' lang='lat' dir='ltr'>le</span> <span class='ocrx_word' id='word_1_30' title='bbox 477 1087 550 1164; x_wconf 91' lang='lat' dir='ltr'>plus</span> <span class='ocrx_word' id='word_1_31' title='bbox 564 1087 678 1147; x_wconf 91' lang='lat' dir='ltr'>ancien</span> <span class='ocrx_word' id='word_1_32' title='bbox 691 1087 770 1148; x_wconf 91' lang='lat' dir='ltr'>livre</span> <span class='ocrx_word' id='word_1_33' title='bbox 786 1093 832 1148; x_wconf 88' lang='lat' dir='ltr'>est</span> <span class='ocrx_word' id='word_1_34' title='bbox 846 1089 930 1148; x_wconf 92' lang='lat' dir='ltr'>celui</span> <span class='ocrx_word' id='word_1_35' title='bbox 946 1088 984 1149; x_wconf 90' lang='lat' dir='ltr'>de</span> <span class='ocrx_word' id='word_1_36' title='bbox 997 1080 1171 1166; x_wconf 82' lang='lat' dir='ltr'>l&#39;Evangile</span> <span class='ocrx_word' id='word_1_37' title='bbox 1193 1087 1248 1147; x_wconf 91' lang='lat' dir='ltr'>des</span> <span class='ocrx_word' id='word_1_38' title='bbox 1268 1086 1366 1148; x_wconf 86' lang='lat' dir='ltr'>Goths</span> 
     </span>
     <span class='ocr_line' id='line_1_6' title="bbox 154 1192 1365 1275; baseline -0.001 -22"><span class='ocrx_word' id='word_1_39' title='bbox 154 1193 198 1254; x_wconf 91' lang='lat' dir='ltr'>du</span> <span class='ocrx_word' id='word_1_40' title='bbox 224 1194 439 1265; x_wconf 84' lang='lat' dir='ltr'>Pont-Euxin,</span> <span class='ocrx_word' id='word_1_41' title='bbox 463 1211 570 1254; x_wconf 91' lang='lat' dir='ltr'>connu</span> <span class='ocrx_word' id='word_1_42' title='bbox 593 1212 667 1254; x_wconf 91' lang='lat' dir='ltr'>sous</span> <span class='ocrx_word' id='word_1_43' title='bbox 688 1195 814 1254; x_wconf 91' lang='lat' dir='ltr'>lencm</span> <span class='ocrx_word' id='word_1_44' title='bbox 837 1194 875 1255; x_wconf 90' lang='lat' dir='ltr'>de</span> <span class='ocrx_word' id='word_1_45' title='bbox 899 1192 1003 1255; x_wconf 74' lang='lat' dir='ltr'>Codes</span> <span class='ocrx_word' id='word_1_46' title='bbox 1022 1193 1250 1275; x_wconf 75' lang='lat' dir='ltr'>Arqenteus...</span> <span class='ocrx_word' id='word_1_47' title='bbox 1272 1217 1287 1248; x_wconf 89' lang='lat'>»</span> <span class='ocrx_word' id='word_1_48' title='bbox 1312 1194 1365 1270; x_wconf 89' lang='lat' dir='ltr'>(l),</span> 
     </span>
     <span class='ocr_line' id='line_1_7' title="bbox 154 1301 1365 1379; baseline -0.001 -18"><span class='ocrx_word' id='word_1_49' title='bbox 154 1305 196 1372; x_wconf 89' lang='lat' dir='ltr'>et,</span> <span class='ocrx_word' id='word_1_50' title='bbox 212 1301 361 1378; x_wconf 87' lang='lat' dir='ltr'>quamvis</span> <span class='ocrx_word' id='word_1_51' title='bbox 380 1301 508 1377; x_wconf 92' lang='lat' dir='ltr'>copiose</span> <span class='ocrx_word' id='word_1_52' title='bbox 531 1305 667 1377; x_wconf 85' lang='lat' dir='ltr'>exponat</span> <span class='ocrx_word' id='word_1_53' title='bbox 682 1301 869 1375; x_wconf 77' lang='lat' dir='ltr'>leibnitius,</span> <span class='ocrx_word' id='word_1_54' title='bbox 895 1319 976 1379; x_wconf 89' lang='lat' dir='ltr'>quae</span> <span class='ocrx_word' id='word_1_55' title='bbox 1001 1302 1098 1362; x_wconf 85' lang='lat' dir='ltr'>luerit</span> <span class='ocrx_word' id='word_1_56' title='bbox 1116 1303 1227 1379; x_wconf 83' lang='lat' dir='ltr'>lingua</span> <span class='ocrx_word' id='word_1_57' title='bbox 1250 1301 1365 1378; x_wconf 86' lang='lat' dir='ltr'>gotica,</span> 
     </span>
     <span class='ocr_line' id='line_1_8' title="bbox 154 1403 1369 1486; baseline -0.002 -20"><span class='ocrx_word' id='word_1_58' title='bbox 154 1407 203 1466; x_wconf 81' lang='lat' dir='ltr'>vel</span> <span class='ocrx_word' id='word_1_59' title='bbox 224 1423 307 1484; x_wconf 91' lang='lat' dir='ltr'>quae</span> <span class='ocrx_word' id='word_1_60' title='bbox 335 1403 439 1466; x_wconf 78' lang='lat' dir='ltr'>Codes</span> <span class='ocrx_word' id='word_1_61' title='bbox 453 1404 622 1486; x_wconf 78' lang='lat' dir='ltr'>Arpenteus</span> <span class='ocrx_word' id='word_1_62' title='bbox 646 1407 709 1466; x_wconf 87' lang='lat' dir='ltr'>fata</span> <span class='ocrx_word' id='word_1_63' title='bbox 729 1406 887 1479; x_wconf 87' lang='lat' dir='ltr'>habuerit,</span> <span class='ocrx_word' id='word_1_64' title='bbox 903 1425 1076 1485; x_wconf 88' lang='lat' dir='ltr'>nusquam,</span> <span class='ocrx_word' id='word_1_65' title='bbox 1094 1407 1184 1485; x_wconf 91' lang='lat' dir='ltr'>quasi</span> <span class='ocrx_word' id='word_1_66' title='bbox 1204 1406 1369 1485; x_wconf 85' lang='lat' dir='ltr'>praecogi-</span> 
     </span>
     <span class='ocr_line' id='line_1_9' title="bbox 155 1512 790 1590; baseline -0.003 -16"><span class='ocrx_word' id='word_1_67' title='bbox 155 1517 220 1574; x_wconf 90' lang='lat' dir='ltr'>tato</span> <span class='ocrx_word' id='word_1_68' title='bbox 236 1512 385 1586; x_wconf 87' lang='lat' dir='ltr'>consilio,</span> <span class='ocrx_word' id='word_1_69' title='bbox 401 1531 520 1573; x_wconf 90' lang='lat' dir='ltr'>nomen</span> <span class='ocrx_word' id='word_1_70' title='bbox 533 1514 645 1573; x_wconf 85' lang='lat' dir='ltr'>Ulfilae</span> <span class='ocrx_word' id='word_1_71' title='bbox 660 1515 790 1590; x_wconf 77' lang='lat' dir='ltr'>profert.</span> 
     </span>
    </p>

    <p class='ocr_par' dir='ltr' id='par_1_3' title="bbox 153 1617 1372 2341">
     <span class='ocr_line' id='line_1_10' title="bbox 195 1617 1369 1698; baseline 0 -20"><span class='ocrx_word' id='word_1_72' title='bbox 195 1619 373 1696; x_wconf 85' lang='lat' dir='ltr'>Epistolam</span> <span class='ocrx_word' id='word_1_73' title='bbox 397 1617 527 1696; x_wconf 89' lang='lat' dir='ltr'>quidem</span> <span class='ocrx_word' id='word_1_74' title='bbox 554 1618 593 1678; x_wconf 94' lang='lat' dir='ltr'>ad</span> <span class='ocrx_word' id='word_1_75' title='bbox 619 1619 822 1680; x_wconf 90' lang='lat' dir='ltr'>Wottonium</span> <span class='ocrx_word' id='word_1_76' title='bbox 847 1620 874 1678; x_wconf 92' lang='lat' dir='ltr'>si</span> <span class='ocrx_word' id='word_1_77' title='bbox 900 1620 1051 1698; x_wconf 82' lang='lat' dir='ltr'>respicias</span> <span class='ocrx_word' id='word_1_78' title='bbox 1075 1619 1128 1697; x_wconf 76' lang='grc'>(1),</span> <span class='ocrx_word' id='word_1_79' title='bbox 1153 1620 1197 1680; x_wconf 91' lang='lat' dir='ltr'>ibi</span> <span class='ocrx_word' id='word_1_80' title='bbox 1221 1621 1369 1680; x_wconf 87' lang='lat' dir='ltr'>notulam</span> 
     </span>
     <span class='ocr_line' id='line_1_11' title="bbox 154 1724 1368 1804; baseline 0.002 -20"><span class='ocrx_word' id='word_1_81' title='bbox 154 1726 301 1786; x_wconf 85' lang='lat' dir='ltr'>invenias</span> <span class='ocrx_word' id='word_1_82' title='bbox 317 1725 350 1785; x_wconf 93' lang='grc'>11</span> <span class='ocrx_word' id='word_1_83' title='bbox 362 1726 474 1786; x_wconf 87' lang='lat' dir='ltr'>Ulfilac</span> <span class='ocrx_word' id='word_1_84' title='bbox 492 1724 678 1797; x_wconf 89' lang='lat' dir='ltr'>dialectum,</span> <span class='ocrx_word' id='word_1_85' title='bbox 697 1750 711 1781; x_wconf 89' lang='lat'>«</span> <span class='ocrx_word' id='word_1_86' title='bbox 729 1743 810 1803; x_wconf 90' lang='lat' dir='ltr'>quae</span> <span class='ocrx_word' id='word_1_87' title='bbox 832 1729 879 1786; x_wconf 89' lang='lat' dir='ltr'>est</span> <span class='ocrx_word' id='word_1_88' title='bbox 894 1727 1156 1804; x_wconf 91' lang='lat' dir='ltr'>antiquissimum</span> <span class='ocrx_word' id='word_1_89' title='bbox 1170 1727 1368 1787; x_wconf 89' lang='lat' dir='ltr'>Teutonismi</span> 
     </span>
     <span class='ocr_line' id='line_1_12' title="bbox 153 1831 1370 1914; baseline 0 -22"><span class='ocrx_word' id='word_1_90' title='bbox 153 1837 407 1914; x_wconf 82' lang='lat' dir='ltr'>monumentum</span> <span class='ocrx_word' id='word_1_91' title='bbox 424 1855 451 1904; x_wconf 75' lang='grc'>11,</span> <span class='ocrx_word' id='word_1_92' title='bbox 472 1833 575 1905; x_wconf 89' lang='lat' dir='ltr'>alibi,</span> <span class='ocrx_word' id='word_1_93' title='bbox 597 1833 688 1910; x_wconf 91' lang='lat' dir='ltr'>quasi</span> <span class='ocrx_word' id='word_1_94' title='bbox 704 1833 820 1892; x_wconf 90' lang='lat' dir='ltr'>iterum</span> <span class='ocrx_word' id='word_1_95' title='bbox 839 1833 877 1893; x_wconf 90' lang='lat' dir='ltr'>de</span> <span class='ocrx_word' id='word_1_96' title='bbox 897 1833 1066 1906; x_wconf 89' lang='lat' dir='ltr'>industria,</span> <span class='ocrx_word' id='word_1_97' title='bbox 1086 1832 1206 1895; x_wconf 81' lang='lat' dir='ltr'>Codicis</span> <span class='ocrx_word' id='word_1_98' title='bbox 1222 1831 1370 1914; x_wconf 79' lang='lat' dir='ltr'>Arpentel</span> 
     </span>
     <span class='ocr_line' id='line_1_13' title="bbox 155 1939 1370 2018; baseline 0.002 -20"><span class='ocrx_word' id='word_1_99' title='bbox 155 1939 320 1999; x_wconf 89' lang='lat' dir='ltr'>mentione</span> <span class='ocrx_word' id='word_1_100' title='bbox 346 1939 538 1999; x_wconf 79' lang='lat' dir='ltr'>abstinuisse</span> <span class='ocrx_word' id='word_1_101' title='bbox 563 1943 726 2000; x_wconf 82' lang='lat' dir='ltr'>auctorem</span> <span class='ocrx_word' id='word_1_102' title='bbox 753 1940 941 2016; x_wconf 89' lang='lat' dir='ltr'>comperies,</span> <span class='ocrx_word' id='word_1_103' title='bbox 968 1957 1166 2018; x_wconf 86' lang='lat' dir='ltr'>quamquam</span> <span class='ocrx_word' id='word_1_104' title='bbox 1191 1939 1370 2000; x_wconf 88' lang='lat' dir='ltr'>conceden-</span> 
     </span>
     <span class='ocr_line' id='line_1_14' title="bbox 157 2046 1371 2125; baseline -0.002 -17"><span class='ocrx_word' id='word_1_105' title='bbox 157 2048 236 2108; x_wconf 91' lang='lat' dir='ltr'>dum</span> <span class='ocrx_word' id='word_1_106' title='bbox 264 2051 312 2108; x_wconf 90' lang='lat' dir='ltr'>est</span> <span class='ocrx_word' id='word_1_107' title='bbox 335 2047 399 2107; x_wconf 90' lang='lat' dir='ltr'>illis</span> <span class='ocrx_word' id='word_1_108' title='bbox 422 2046 527 2106; x_wconf 87' lang='lat' dir='ltr'>verbis</span> <span class='ocrx_word' id='word_1_109' title='bbox 552 2046 758 2120; x_wconf 67' lang='lat' dir='ltr'>leibnitium,</span> <span class='ocrx_word' id='word_1_110' title='bbox 784 2051 820 2106; x_wconf 91' lang='lat' dir='ltr'>ut</span> <span class='ocrx_word' id='word_1_111' title='bbox 842 2047 958 2125; x_wconf 82' lang='lat' dir='ltr'>conjici</span> <span class='ocrx_word' id='word_1_112' title='bbox 983 2051 1099 2125; x_wconf 89' lang='lat' dir='ltr'>potest,</span> <span class='ocrx_word' id='word_1_113' title='bbox 1124 2046 1210 2107; x_wconf 89' lang='lat' dir='ltr'>idem</span> <span class='ocrx_word' id='word_1_114' title='bbox 1234 2047 1371 2106; x_wconf 89' lang='lat' dir='ltr'>sensisse</span> 
     </span>
     <span class='ocr_line' id='line_1_15' title="bbox 157 2151 1372 2232; baseline -0.002 -19"><span class='ocrx_word' id='word_1_115' title='bbox 157 2154 258 2215; x_wconf 88' lang='lat' dir='ltr'>videri</span> <span class='ocrx_word' id='word_1_116' title='bbox 279 2159 375 2231; x_wconf 88' lang='lat' dir='ltr'>atque</span> <span class='ocrx_word' id='word_1_117' title='bbox 390 2157 493 2225; x_wconf 88' lang='lat' dir='ltr'>antea,</span> <span class='ocrx_word' id='word_1_118' title='bbox 510 2170 585 2212; x_wconf 92' lang='lat' dir='ltr'>cum</span> <span class='ocrx_word' id='word_1_119' title='bbox 600 2153 757 2232; x_wconf 83' lang='lat' dir='ltr'>linguam,</span> <span class='ocrx_word' id='word_1_120' title='bbox 775 2171 839 2231; x_wconf 89' lang='lat' dir='ltr'>qua</span> <span class='ocrx_word' id='word_1_121' title='bbox 854 2154 1035 2232; x_wconf 87' lang='lat' dir='ltr'>conscripta</span> <span class='ocrx_word' id='word_1_122' title='bbox 1051 2159 1125 2214; x_wconf 89' lang='lat' dir='ltr'>sunt</span> <span class='ocrx_word' id='word_1_123' title='bbox 1139 2153 1251 2214; x_wconf 85' lang='lat' dir='ltr'>Ulfrlae</span> <span class='ocrx_word' id='word_1_124' title='bbox 1266 2151 1298 2212; x_wconf 82' lang='grc' dir='ltr'><em>Ε</em></span> <span class='ocrx_word' id='word_1_125' title='bbox 1301 2172 1372 2212; x_wconf 83' lang='grc'>001-</span> 
     </span>
     <span class='ocr_line' id='line_1_16' title="bbox 156 2259 908 2341; baseline -0.003 -19"><span class='ocrx_word' id='word_1_126' title='bbox 156 2260 239 2341; x_wconf 77' lang='lat' dir='ltr'>pclia</span> <span class='ocrx_word' id='word_1_127' title='bbox 254 2279 321 2321; x_wconf 90' lang='lat' dir='ltr'>non</span> <span class='ocrx_word' id='word_1_128' title='bbox 337 2260 435 2320; x_wconf 90' lang='lat' dir='ltr'>aliam</span> <span class='ocrx_word' id='word_1_129' title='bbox 451 2277 518 2319; x_wconf 89' lang='lat' dir='ltr'>esse</span> <span class='ocrx_word' id='word_1_130' title='bbox 534 2276 572 2319; x_wconf 92' lang='lat' dir='ltr'>ac</span> <span class='ocrx_word' id='word_1_131' title='bbox 586 2260 725 2337; x_wconf 87' lang='lat' dir='ltr'>goticam</span> <span class='ocrx_word' id='word_1_132' title='bbox 738 2259 908 2338; x_wconf 88' lang='lat' dir='ltr'>judicaret.</span> 
     </span>
    </p>

    <p class='ocr_par' dir='ltr' id='par_1_4' title="bbox 153 2365 1373 3622">
     <span class='ocr_line' id='line_1_17' title="bbox 195 2365 1371 2444; baseline -0.003 -16"><span class='ocrx_word' id='word_1_133' title='bbox 195 2366 351 2438; x_wconf 79' lang='lat' dir='ltr'>Tandem,</span> <span class='ocrx_word' id='word_1_134' title='bbox 369 2383 453 2426; x_wconf 92' lang='lat' dir='ltr'>anno</span> <span class='ocrx_word' id='word_1_135' title='bbox 470 2367 557 2438; x_wconf 82' lang='grc'>1106,</span> <span class='ocrx_word' id='word_1_136' title='bbox 574 2366 671 2443; x_wconf 88' lang='lat' dir='ltr'>paulo</span> <span class='ocrx_word' id='word_1_137' title='bbox 691 2366 794 2444; x_wconf 84' lang='lat' dir='ltr'>magis</span> <span class='ocrx_word' id='word_1_138' title='bbox 809 2383 846 2426; x_wconf 89' lang='lat' dir='ltr'>eo</span> <span class='ocrx_word' id='word_1_139' title='bbox 863 2365 1044 2439; x_wconf 88' lang='lat' dir='ltr'>adducitur,</span> <span class='ocrx_word' id='word_1_140' title='bbox 1062 2370 1098 2427; x_wconf 89' lang='lat' dir='ltr'>ut</span> <span class='ocrx_word' id='word_1_141' title='bbox 1116 2365 1224 2426; x_wconf 91' lang='lat' dir='ltr'>credat</span> <span class='ocrx_word' id='word_1_142' title='bbox 1243 2366 1371 2427; x_wconf 87' lang='lat' dir='ltr'>Ultilam</span> 
     </span>
     <span class='ocr_line' id='line_1_18' title="bbox 157 2469 1369 2554; baseline -0.002 -19"><span class='ocrx_word' id='word_1_143' title='bbox 157 2473 310 2535; x_wconf 87' lang='lat' dir='ltr'>cumdem</span> <span class='ocrx_word' id='word_1_144' title='bbox 326 2490 393 2532; x_wconf 87' lang='lat' dir='ltr'>esse</span> <span class='ocrx_word' id='word_1_145' title='bbox 408 2475 504 2549; x_wconf 89' lang='lat' dir='ltr'>atque</span> <span class='ocrx_word' id='word_1_146' title='bbox 518 2476 683 2532; x_wconf 85' lang='lat' dir='ltr'>auctorem</span> <span class='ocrx_word' id='word_1_147' title='bbox 697 2473 853 2532; x_wconf 88' lang='lat' dir='ltr'>versionis</span> <span class='ocrx_word' id='word_1_148' title='bbox 869 2473 902 2532; x_wconf 92' lang='lat' dir='ltr'>in</span> <span class='ocrx_word' id='word_1_149' title='bbox 920 2469 1030 2532; x_wconf 80' lang='lat' dir='ltr'>Codice</span> <span class='ocrx_word' id='word_1_150' title='bbox 1045 2471 1197 2554; x_wconf 74' lang='lat' dir='ltr'>Arpcntco</span> <span class='ocrx_word' id='word_1_151' title='bbox 1213 2472 1369 2544; x_wconf 87' lang='lat' dir='ltr'>inclusae,</span> 
     </span>
     <span class='ocr_line' id='line_1_19' title="bbox 156 2579 1372 2660; baseline -0.002 -18"><span class='ocrx_word' id='word_1_152' title='bbox 156 2587 253 2660; x_wconf 87' lang='lat' dir='ltr'>atque</span> <span class='ocrx_word' id='word_1_153' title='bbox 269 2579 357 2640; x_wconf 90' lang='lat' dir='ltr'>hunc</span> <span class='ocrx_word' id='word_1_154' title='bbox 372 2579 516 2640; x_wconf 87' lang='lat' dir='ltr'>codicem</span> <span class='ocrx_word' id='word_1_155' title='bbox 533 2597 604 2640; x_wconf 89' lang='lat' dir='ltr'>vere</span> <span class='ocrx_word' id='word_1_156' title='bbox 624 2580 730 2658; x_wconf 88' lang='lat' dir='ltr'>getica</span> <span class='ocrx_word' id='word_1_157' title='bbox 744 2579 855 2658; x_wconf 85' lang='lat' dir='ltr'>lingua</span> <span class='ocrx_word' id='word_1_158' title='bbox 870 2579 1088 2657; x_wconf 89' lang='lat' dir='ltr'>conscriptum</span> <span class='ocrx_word' id='word_1_159' title='bbox 1104 2597 1183 2639; x_wconf 90' lang='lat' dir='ltr'>esse.</span> <span class='ocrx_word' id='word_1_160' title='bbox 1208 2579 1247 2638; x_wconf 83' lang='lat' dir='ltr'>At</span> <span class='ocrx_word' id='word_1_161' title='bbox 1263 2602 1278 2634; x_wconf 90' lang='lat'>«</span> <span class='ocrx_word' id='word_1_162' title='bbox 1295 2596 1372 2638; x_wconf 89' lang='lat' dir='ltr'>con·</span> 
     </span>
     <span class='ocr_line' id='line_1_20' title="bbox 153 2685 1372 2767; baseline -0.003 -19"><span class='ocrx_word' id='word_1_163' title='bbox 153 2690 316 2767; x_wconf 87' lang='lat' dir='ltr'>jecturam</span> <span class='ocrx_word' id='word_1_164' title='bbox 340 2708 354 2740; x_wconf 87' lang='lat'>»</span> <span class='ocrx_word' id='word_1_165' title='bbox 371 2703 463 2746; x_wconf 92' lang='lat' dir='ltr'>suam</span> <span class='ocrx_word' id='word_1_166' title='bbox 487 2687 610 2746; x_wconf 91' lang='lat' dir='ltr'>ratione</span> <span class='ocrx_word' id='word_1_167' title='bbox 631 2687 745 2763; x_wconf 92' lang='lat' dir='ltr'>probat</span> <span class='ocrx_word' id='word_1_168' title='bbox 766 2686 902 2746; x_wconf 86' lang='lat' dir='ltr'>mirifica</span> <span class='ocrx_word' id='word_1_169' title='bbox 922 2686 1008 2758; x_wconf 90' lang='lat' dir='ltr'>satis,</span> <span class='ocrx_word' id='word_1_170' title='bbox 1035 2704 1073 2747; x_wconf 86' lang='lat' dir='ltr'>ex</span> <span class='ocrx_word' id='word_1_171' title='bbox 1094 2704 1157 2763; x_wconf 90' lang='lat' dir='ltr'>qua</span> <span class='ocrx_word' id='word_1_172' title='bbox 1176 2685 1372 2764; x_wconf 90' lang='lat' dir='ltr'>comperitur</span> 
     </span>
     <span class='ocr_line' id='line_1_21' title="bbox 156 2792 1370 2870; baseline -0.002 -15"><span class='ocrx_word' id='word_1_173' title='bbox 156 2796 253 2855; x_wconf 93' lang='lat' dir='ltr'>illum</span> <span class='ocrx_word' id='word_1_174' title='bbox 269 2794 391 2853; x_wconf 90' lang='lat' dir='ltr'>incerta</span> <span class='ocrx_word' id='word_1_175' title='bbox 412 2796 443 2852; x_wconf 92' lang='lat' dir='ltr'>et</span> <span class='ocrx_word' id='word_1_176' title='bbox 456 2793 565 2852; x_wconf 91' lang='lat' dir='ltr'>minus</span> <span class='ocrx_word' id='word_1_177' title='bbox 587 2793 695 2852; x_wconf 91' lang='lat' dir='ltr'>lucida</span> <span class='ocrx_word' id='word_1_178' title='bbox 710 2792 748 2852; x_wconf 88' lang='lat' dir='ltr'>de</span> <span class='ocrx_word' id='word_1_179' title='bbox 770 2811 803 2853; x_wconf 91' lang='lat' dir='ltr'>re</span> <span class='ocrx_word' id='word_1_180' title='bbox 825 2793 1014 2852; x_wconf 87' lang='lat' dir='ltr'>etiamtunc</span> <span class='ocrx_word' id='word_1_181' title='bbox 1034 2797 1141 2853; x_wconf 90' lang='lat' dir='ltr'>mente</span> <span class='ocrx_word' id='word_1_182' title='bbox 1166 2793 1370 2870; x_wconf 80' lang='lat' dir='ltr'>concepisse:</span> 
     </span>
     <span class='ocr_line' id='line_1_22' title="bbox 157 2897 1370 2982; baseline 0.001 -25"><span class='ocrx_word' id='word_1_183' title='bbox 157 2927 171 2957; x_wconf 72' lang='lat' dir='ltr'>c</span> <span class='ocrx_word' id='word_1_184' title='bbox 183 2898 323 2982; x_wconf 80' lang='lat' dir='ltr'>[Codicis</span> <span class='ocrx_word' id='word_1_185' title='bbox 336 2897 494 2979; x_wconf 76' lang='lat' dir='ltr'>Arpcotei]</span> <span class='ocrx_word' id='word_1_186' title='bbox 511 2903 675 2959; x_wconf 87' lang='lat' dir='ltr'>auctorem</span> <span class='ocrx_word' id='word_1_187' title='bbox 691 2917 758 2959; x_wconf 90' lang='lat' dir='ltr'>esse</span> <span class='ocrx_word' id='word_1_188' title='bbox 773 2900 913 2971; x_wconf 92' lang='lat' dir='ltr'>Ultilam,</span> <span class='ocrx_word' id='word_1_189' title='bbox 932 2917 1028 2976; x_wconf 91' lang='lat' dir='ltr'>quem</span> <span class='ocrx_word' id='word_1_190' title='bbox 1043 2904 1163 2960; x_wconf 86' lang='lat' dir='ltr'>veteres</span> <span class='ocrx_word' id='word_1_191' title='bbox 1179 2902 1370 2973; x_wconf 87' lang='grc'>1101101111,</span> 
     </span>
     <span class='ocr_line' id='line_1_23' title="bbox 157 3004 1373 3086; baseline -0.005 -18"><span class='ocrx_word' id='word_1_192' title='bbox 157 3009 216 3068; x_wconf 88' lang='lat' dir='ltr'>etsi</span> <span class='ocrx_word' id='word_1_193' title='bbox 231 3008 389 3084; x_wconf 89' lang='lat' dir='ltr'>procerte</span> <span class='ocrx_word' id='word_1_194' title='bbox 404 3004 465 3065; x_wconf 92' lang='lat' dir='ltr'>dici</span> <span class='ocrx_word' id='word_1_195' title='bbox 482 3022 547 3065; x_wconf 91' lang='lat' dir='ltr'>non</span> <span class='ocrx_word' id='word_1_196' title='bbox 561 3010 675 3083; x_wconf 90' lang='lat' dir='ltr'>potest,</span> <span class='ocrx_word' id='word_1_197' title='bbox 692 3024 847 3064; x_wconf 71' lang='lat' dir='ltr'>conopeo</span> <span class='ocrx_word' id='word_1_198' title='bbox 863 3012 962 3065; x_wconf 83' lang='lat' dir='ltr'>tamea</span> <span class='ocrx_word' id='word_1_199' title='bbox 977 3004 1146 3084; x_wconf 79' lang='lat' dir='ltr'>refellitur,</span> <span class='ocrx_word' id='word_1_200' title='bbox 1162 3004 1245 3086; x_wconf 86' lang='lat' dir='ltr'>quod</span> <span class='ocrx_word' id='word_1_201' title='bbox 1260 3005 1373 3065; x_wconf 78' lang='grc'>001101</span> 
     </span>
     <span class='ocr_line' id='line_1_24' title="bbox 160 3110 1371 3190; baseline -0.002 -15"><span class='ocrx_word' id='word_1_202' title='bbox 160 3113 344 3175; x_wconf 78' lang='lat' dir='ltr'>Teutonicus</span> <span class='ocrx_word' id='word_1_203' title='bbox 356 3113 443 3173; x_wconf 83' lang='lat' dir='ltr'>bomo</span> <span class='ocrx_word' id='word_1_204' title='bbox 457 3110 752 3190; x_wconf 72' lang='grc'>011001100101113).</span> <span class='ocrx_word' id='word_1_205' title='bbox 766 3115 832 3173; x_wconf 90' lang='lat' dir='ltr'>Hoc</span> <span class='ocrx_word' id='word_1_206' title='bbox 844 3116 1006 3190; x_wconf 88' lang='lat' dir='ltr'>praeterea</span> <span class='ocrx_word' id='word_1_207' title='bbox 1017 3113 1114 3173; x_wconf 89' lang='lat' dir='ltr'>velim</span> <span class='ocrx_word' id='word_1_208' title='bbox 1125 3112 1371 3185; x_wconf 65' lang='lat' dir='ltr'>animadvertas</span> 
     </span>
     <span class='ocr_line' id='line_1_25' title="bbox 156 3217 1373 3301; baseline -0.006 -17"><span class='ocrx_word' id='word_1_209' title='bbox 156 3226 209 3299; x_wconf 85' lang='lat' dir='ltr'>(ex</span> <span class='ocrx_word' id='word_1_210' title='bbox 224 3240 289 3301; x_wconf 91' lang='lat' dir='ltr'>quo</span> <span class='ocrx_word' id='word_1_211' title='bbox 305 3225 435 3300; x_wconf 90' lang='lat' dir='ltr'>apparet</span> <span class='ocrx_word' id='word_1_212' title='bbox 447 3239 513 3281; x_wconf 92' lang='lat' dir='ltr'>non</span> <span class='ocrx_word' id='word_1_213' title='bbox 528 3221 711 3280; x_wconf 89' lang='lat' dir='ltr'>inconsulto</span> <span class='ocrx_word' id='word_1_214' title='bbox 727 3220 761 3278; x_wconf 90' lang='lat' dir='ltr'>in</span> <span class='ocrx_word' id='word_1_215' title='bbox 777 3237 872 3297; x_wconf 90' lang='lat' dir='ltr'>supra</span> <span class='ocrx_word' id='word_1_216' title='bbox 888 3219 973 3279; x_wconf 90' lang='lat' dir='ltr'>dicto</span> <span class='ocrx_word' id='word_1_217' title='bbox 990 3221 1061 3280; x_wconf 90' lang='lat' dir='ltr'>loco</span> <span class='ocrx_word' id='word_1_218' title='bbox 1077 3220 1179 3280; x_wconf 91' lang='lat' dir='ltr'>libelli</span> <span class='ocrx_word' id='word_1_219' title='bbox 1200 3217 1373 3279; x_wconf 77' lang='lat' dir='ltr'>Nouvcauc</span> 
     </span>
     <span class='ocr_line' id='line_1_26' title="bbox 157 3324 1372 3404; baseline -0.004 -15"><span class='ocrx_word' id='word_1_220' title='bbox 157 3327 267 3389; x_wconf 82' lang='lat' dir='ltr'>Essac&#39;s</span> <span class='ocrx_word' id='word_1_221' title='bbox 280 3344 400 3388; x_wconf 88' lang='lat' dir='ltr'>nomen</span> <span class='ocrx_word' id='word_1_222' title='bbox 414 3327 527 3387; x_wconf 89' lang='lat' dir='ltr'>Ulfilae</span> <span class='ocrx_word' id='word_1_223' title='bbox 542 3326 699 3385; x_wconf 89' lang='lat' dir='ltr'>omissum</span> <span class='ocrx_word' id='word_1_224' title='bbox 718 3324 810 3404; x_wconf 89' lang='lat' dir='ltr'>esse),</span> <span class='ocrx_word' id='word_1_225' title='bbox 836 3326 869 3384; x_wconf 93' lang='lat' dir='ltr'>in</span> <span class='ocrx_word' id='word_1_226' title='bbox 884 3326 1059 3403; x_wconf 91' lang='lat' dir='ltr'>posteriore</span> <span class='ocrx_word' id='word_1_227' title='bbox 1080 3326 1237 3386; x_wconf 89' lang='lat' dir='ltr'>sententia</span> <span class='ocrx_word' id='word_1_228' title='bbox 1257 3324 1372 3384; x_wconf 90' lang='lat' dir='ltr'>iisdem</span> 
     </span>
     <span class='ocr_line' id='line_1_27' title="bbox 156 3431 1371 3514; baseline -0.003 -18"><span class='ocrx_word' id='word_1_229' title='bbox 156 3438 252 3514; x_wconf 91' lang='lat' dir='ltr'>plane</span> <span class='ocrx_word' id='word_1_230' title='bbox 282 3435 398 3506; x_wconf 87' lang='lat' dir='ltr'>verbis,</span> <span class='ocrx_word' id='word_1_231' title='bbox 422 3435 514 3512; x_wconf 87' lang='lat' dir='ltr'>quasi</span> <span class='ocrx_word' id='word_1_232' title='bbox 539 3435 661 3511; x_wconf 86' lang='lat' dir='ltr'>integra</span> <span class='ocrx_word' id='word_1_233' title='bbox 687 3432 906 3505; x_wconf 88' lang='lat' dir='ltr'>translatione,</span> <span class='ocrx_word' id='word_1_234' title='bbox 938 3432 1051 3493; x_wconf 89' lang='lat' dir='ltr'>cadem</span> <span class='ocrx_word' id='word_1_235' title='bbox 1075 3433 1198 3506; x_wconf 84' lang='lat' dir='ltr'>reterri,</span> <span class='ocrx_word' id='word_1_236' title='bbox 1226 3451 1308 3510; x_wconf 89' lang='lat' dir='ltr'>quae</span> <span class='ocrx_word' id='word_1_237' title='bbox 1333 3431 1371 3492; x_wconf 91' lang='lat' dir='ltr'>de</span> 
     </span>
     <span class='ocr_line' id='line_1_28' title="bbox 158 3537 1140 3622; baseline -0.005 -18"><span class='ocrx_word' id='word_1_238' title='bbox 158 3542 286 3622; x_wconf 83' lang='lat' dir='ltr'>egregio</span> <span class='ocrx_word' id='word_1_239' title='bbox 302 3541 417 3602; x_wconf 86' lang='lat' dir='ltr'>Codice</span> <span class='ocrx_word' id='word_1_240' title='bbox 435 3541 468 3600; x_wconf 93' lang='lat' dir='ltr'>in</span> <span class='ocrx_word' id='word_1_241' title='bbox 484 3540 565 3600; x_wconf 94' lang='lat' dir='ltr'>libro</span> <span class='ocrx_word' id='word_1_242' title='bbox 582 3537 753 3599; x_wconf 81' lang='lat' dir='ltr'>Nococaco</span> <span class='ocrx_word' id='word_1_243' title='bbox 772 3537 880 3598; x_wconf 82' lang='lat' dir='ltr'>Esscis</span> <span class='ocrx_word' id='word_1_244' title='bbox 900 3540 1025 3616; x_wconf 89' lang='lat' dir='ltr'>prolata</span> <span class='ocrx_word' id='word_1_245' title='bbox 1040 3544 1140 3600; x_wconf 89' lang='lat' dir='ltr'>erant.</span> 
     </span>
    </p>

    <p class='ocr_par' dir='ltr' id='par_1_5' title="bbox 158 3644 1373 4258">
     <span class='ocr_line' id='line_1_29' title="bbox 198 3644 1371 3725; baseline -0.003 -16"><span class='ocrx_word' id='word_1_246' title='bbox 198 3649 354 3725; x_wconf 90' lang='lat' dir='ltr'>Denique,</span> <span class='ocrx_word' id='word_1_247' title='bbox 381 3664 465 3706; x_wconf 92' lang='grc'>1110</span> <span class='ocrx_word' id='word_1_248' title='bbox 493 3648 581 3718; x_wconf 85' lang='lat' dir='ltr'>llll,</span> <span class='ocrx_word' id='word_1_249' title='bbox 607 3663 682 3705; x_wconf 91' lang='lat' dir='ltr'>cum</span> <span class='ocrx_word' id='word_1_250' title='bbox 705 3645 856 3706; x_wconf 85' lang='lat' dir='ltr'>scriberet</span> <span class='ocrx_word' id='word_1_251' title='bbox 881 3645 975 3705; x_wconf 89' lang='lat' dir='ltr'>tertio</span> <span class='ocrx_word' id='word_1_252' title='bbox 1005 3644 1129 3706; x_wconf 90' lang='lat' dir='ltr'>decimo</span> <span class='ocrx_word' id='word_1_253' title='bbox 1158 3645 1208 3706; x_wconf 91' lang='lat' dir='ltr'>die</span> <span class='ocrx_word' id='word_1_254' title='bbox 1230 3647 1371 3724; x_wconf 86' lang='lat' dir='ltr'>januarii</span> 
     </span>
     <span class='ocr_line' id='line_1_30' title="bbox 159 3750 1373 3834; baseline -0.003 -17"><span class='ocrx_word' id='word_1_255' title='bbox 159 3752 438 3831; x_wconf 87' lang='lat' dir='ltr'>Chamberlaynic,</span> <span class='ocrx_word' id='word_1_256' title='bbox 456 3751 568 3812; x_wconf 89' lang='lat' dir='ltr'>eadem</span> <span class='ocrx_word' id='word_1_257' title='bbox 582 3752 697 3829; x_wconf 89' lang='lat' dir='ltr'>repetit</span> <span class='ocrx_word' id='word_1_258' title='bbox 714 3751 829 3811; x_wconf 88' lang='lat' dir='ltr'>iisdem</span> <span class='ocrx_word' id='word_1_259' title='bbox 846 3752 961 3825; x_wconf 76' lang='lat' dir='ltr'>verbiS,</span> <span class='ocrx_word' id='word_1_260' title='bbox 979 3769 1060 3829; x_wconf 87' lang='lat' dir='ltr'>quae</span> <span class='ocrx_word' id='word_1_261' title='bbox 1078 3751 1115 3812; x_wconf 91' lang='lat' dir='ltr'>de</span> <span class='ocrx_word' id='word_1_262' title='bbox 1132 3750 1243 3813; x_wconf 79' lang='lat' dir='ltr'>Codice</span> <span class='ocrx_word' id='word_1_263' title='bbox 1256 3752 1373 3834; x_wconf 76' lang='lat' dir='ltr'>Arpen-</span> 
     </span>
     <span class='ocr_line' id='line_1_31' title="bbox 160 3855 1370 3938; baseline 0 -16"><span class='ocrx_word' id='word_1_264' title='bbox 160 3870 206 3922; x_wconf 88' lang='lat' dir='ltr'>teo</span> <span class='ocrx_word' id='word_1_265' title='bbox 225 3860 377 3921; x_wconf 90' lang='lat' dir='ltr'>disseruit</span> <span class='ocrx_word' id='word_1_266' title='bbox 393 3859 426 3918; x_wconf 93' lang='lat' dir='ltr'>in</span> <span class='ocrx_word' id='word_1_267' title='bbox 442 3859 523 3918; x_wconf 89' lang='lat' dir='ltr'>libro</span> <span class='ocrx_word' id='word_1_268' title='bbox 542 3855 715 3918; x_wconf 83' lang='lat' dir='ltr'>Nouvecuc</span> <span class='ocrx_word' id='word_1_269' title='bbox 729 3856 838 3917; x_wconf 80' lang='lat' dir='ltr'>Essac&#39;s</span> <span class='ocrx_word' id='word_1_270' title='bbox 853 3862 884 3918; x_wconf 87' lang='lat' dir='ltr'>et</span> <span class='ocrx_word' id='word_1_271' title='bbox 909 3859 943 3918; x_wconf 92' lang='lat' dir='ltr'>in</span> <span class='ocrx_word' id='word_1_272' title='bbox 959 3859 1101 3935; x_wconf 89' lang='lat' dir='ltr'>Epistola</span> <span class='ocrx_word' id='word_1_273' title='bbox 1117 3858 1156 3918; x_wconf 94' lang='lat' dir='ltr'>ad</span> <span class='ocrx_word' id='word_1_274' title='bbox 1179 3861 1259 3922; x_wconf 90' lang='grc' dir='ltr'><strong>Ο.Μ.</strong></span> <span class='ocrx_word' id='word_1_275' title='bbox 1279 3862 1370 3938; x_wconf 88' lang='lat' dir='ltr'>Nam,</span> 
     </span>
     <span class='ocr_line' id='line_1_32' title="bbox 158 3965 1372 4047; baseline -0.001 -17"><span class='ocrx_word' id='word_1_276' title='bbox 158 3975 330 4047; x_wconf 90' lang='lat' dir='ltr'>postquam</span> <span class='ocrx_word' id='word_1_277' title='bbox 344 3966 537 4027; x_wconf 90' lang='lat' dir='ltr'>memoravit</span> <span class='ocrx_word' id='word_1_278' title='bbox 550 3965 741 4026; x_wconf 90' lang='lat' dir='ltr'>sententiam</span> <span class='ocrx_word' id='word_1_279' title='bbox 761 3965 911 4037; x_wconf 90' lang='lat' dir='ltr'>Hiokesii,</span> <span class='ocrx_word' id='word_1_280' title='bbox 935 3988 949 4019; x_wconf 91' lang='lat'>«</span> <span class='ocrx_word' id='word_1_281' title='bbox 972 3966 1042 4042; x_wconf 86' lang='lat' dir='ltr'>qui.</span> <span class='ocrx_word' id='word_1_282' title='bbox 1055 4011 1082 4027; x_wconf 92' lang='lat'>..</span> <span class='ocrx_word' id='word_1_283' title='bbox 1107 3965 1147 4025; x_wconf 89' lang='lat' dir='ltr'>ad</span> <span class='ocrx_word' id='word_1_284' title='bbox 1169 3969 1306 4028; x_wconf 85' lang='lat' dir='ltr'>Francos</span> <span class='ocrx_word' id='word_1_285' title='bbox 1321 3969 1372 4029; x_wconf 87' lang='lat' dir='ltr'>vel</span> 
     </span>
     <span class='ocr_line' id='line_1_33' title="bbox 160 4071 1372 4149; baseline -0.002 -12"><span class='ocrx_word' id='word_1_286' title='bbox 160 4077 258 4137; x_wconf 88' lang='lat' dir='ltr'>aliam</span> <span class='ocrx_word' id='word_1_287' title='bbox 273 4073 481 4133; x_wconf 88' lang='lat' dir='ltr'>Teutonicam</span> <span class='ocrx_word' id='word_1_288' title='bbox 502 4076 632 4149; x_wconf 85' lang='lat' dir='ltr'>gentem</span> <span class='ocrx_word' id='word_1_289' title='bbox 654 4071 788 4132; x_wconf 87' lang='lat' dir='ltr'>Gothica</span> <span class='ocrx_word' id='word_1_290' title='bbox 805 4072 990 4149; x_wconf 90' lang='lat' dir='ltr'>propiorem</span> <span class='ocrx_word' id='word_1_291' title='bbox 1010 4071 1089 4131; x_wconf 88' lang='lat' dir='ltr'>haec</span> <span class='ocrx_word' id='word_1_292' title='bbox 1108 4072 1225 4132; x_wconf 83' lang='lat' dir='ltr'>reterre</span> <span class='ocrx_word' id='word_1_293' title='bbox 1248 4075 1372 4134; x_wconf 89' lang='grc'>111110-</span> 
     </span>
     <span class='ocr_line' id='line_1_34' title="bbox 160 4177 1371 4258; baseline 0.005 -22"><span class='ocrx_word' id='word_1_294' title='bbox 160 4185 201 4244; x_wconf 80' lang='lat' dir='ltr'>rit</span> <span class='ocrx_word' id='word_1_295' title='bbox 225 4205 253 4254; x_wconf 85' lang='lat'>»‚</span> <span class='ocrx_word' id='word_1_296' title='bbox 285 4181 329 4240; x_wconf 90' lang='grc'>111</span> <span class='ocrx_word' id='word_1_297' title='bbox 352 4183 479 4257; x_wconf 91' lang='lat' dir='ltr'>perorat</span> <span class='ocrx_word' id='word_1_298' title='bbox 505 4183 541 4237; x_wconf 92' lang='lat' dir='ltr'>ut</span> <span class='ocrx_word' id='word_1_299' title='bbox 559 4177 599 4237; x_wconf 92' lang='lat' dir='ltr'>ad</span> <span class='ocrx_word' id='word_1_300' title='bbox 624 4195 790 4237; x_wconf 90' lang='lat' dir='ltr'>summum</span> <span class='ocrx_word' id='word_1_301' title='bbox 814 4177 1006 4238; x_wconf 90' lang='lat' dir='ltr'>concludere</span> <span class='ocrx_word' id='word_1_302' title='bbox 1031 4177 1198 4238; x_wconf 87' lang='lat' dir='ltr'>videatur:</span> <span class='ocrx_word' id='word_1_303' title='bbox 1223 4203 1238 4235; x_wconf 89' lang='lat'>«</span> <span class='ocrx_word' id='word_1_304' title='bbox 1261 4182 1371 4258; x_wconf 90' lang='lat' dir='ltr'>ltaque</span> 
     </span>
    </p>
   </div>
   <div class='ocr_carea' id='block_1_3' title="bbox 193 4445 1012 4704">
    <p class='ocr_par' dir='ltr' id='par_1_6' title="bbox 193 4445 1012 4704">
     <span class='ocr_line' id='line_1_35' title="bbox 193 4445 817 4510; baseline 0 -12"><span class='ocrx_word' id='word_1_305' title='bbox 193 4450 230 4510; x_wconf 91' lang='lat' dir='ltr'>(l)</span> <span class='ocrx_word' id='word_1_306' title='bbox 246 4450 370 4498; x_wconf 79' lang='lat' dir='ltr'>Nocecuc</span> <span class='ocrx_word' id='word_1_307' title='bbox 381 4449 479 4510; x_wconf 80' lang='lat' dir='ltr'>Esscr&#39;s,</span> <span class='ocrx_word' id='word_1_308' title='bbox 495 4445 634 4509; x_wconf 73' lang='lat' dir='ltr'>odoacer,</span> <span class='ocrx_word' id='word_1_309' title='bbox 651 4450 671 4508; x_wconf 93' lang='grc'>1,</span> <span class='ocrx_word' id='word_1_310' title='bbox 692 4449 817 4498; x_wconf 72' lang='lat' dir='ltr'>ccl-268.</span> 
     </span>
     <span class='ocr_line' id='line_1_36' title="bbox 194 4543 609 4608; baseline 0 -16"><span class='ocrx_word' id='word_1_311' title='bbox 194 4543 229 4607; x_wconf 77' lang='grc'>(1)</span> <span class='ocrx_word' id='word_1_312' title='bbox 247 4545 319 4602; x_wconf 76' lang='lat' dir='ltr'>Det,</span> <span class='ocrx_word' id='word_1_313' title='bbox 335 4544 377 4602; x_wconf 87' lang='lat' dir='ltr'>Vl,</span> <span class='ocrx_word' id='word_1_314' title='bbox 394 4557 455 4608; x_wconf 85' lang='lat' dir='ltr'>pars</span> <span class='ocrx_word' id='word_1_315' title='bbox 471 4545 495 4602; x_wconf 83' lang='lat'>2,</span> <span class='ocrx_word' id='word_1_316' title='bbox 510 4557 535 4608; x_wconf 94' lang='lat' dir='ltr'>p.</span> <span class='ocrx_word' id='word_1_317' title='bbox 551 4546 609 4593; x_wconf 80' lang='lat'><strong>218.</strong></span> 
     </span>
     <span class='ocr_line' id='line_1_37' title="bbox 196 4638 1012 4704; baseline 0 -15"><span class='ocrx_word' id='word_1_318' title='bbox 196 4638 230 4703; x_wconf 79' lang='lat'>(3)</span> <span class='ocrx_word' id='word_1_319' title='bbox 249 4639 367 4704; x_wconf 78' lang='lat' dir='ltr'>Epistola</span> <span class='ocrx_word' id='word_1_320' title='bbox 381 4639 417 4686; x_wconf 86' lang='lat' dir='ltr'>od</span> <span class='ocrx_word' id='word_1_321' title='bbox 427 4638 455 4688; x_wconf 90' lang='lat'>0.</span> <span class='ocrx_word' id='word_1_322' title='bbox 470 4640 516 4700; x_wconf 88' lang='lat' dir='ltr'>M.,</span> <span class='ocrx_word' id='word_1_323' title='bbox 528 4652 571 4703; x_wconf 83' lang='lat' dir='ltr'>ap.</span> <span class='ocrx_word' id='word_1_324' title='bbox 587 4639 657 4699; x_wconf 73' lang='grc'>11111,</span> <span class='ocrx_word' id='word_1_325' title='bbox 673 4641 715 4699; x_wconf 91' lang='lat' dir='ltr'>Vl,</span> <span class='ocrx_word' id='word_1_326' title='bbox 729 4653 789 4704; x_wconf 87' lang='lat' dir='ltr'>pars</span> <span class='ocrx_word' id='word_1_327' title='bbox 803 4644 828 4699; x_wconf 83' lang='lat'>2,</span> <span class='ocrx_word' id='word_1_328' title='bbox 843 4653 868 4704; x_wconf 88' lang='lat' dir='ltr'>p.</span> <span class='ocrx_word' id='word_1_329' title='bbox 887 4641 1012 4689; x_wconf 81' lang='grc'>182-183.</span> 
     </span>
    </p>
   </div>
   <div class='ocr_carea' id='block_1_4' title="bbox 0 0 1748 5452">
    <p class='ocr_par' dir='ltr' id='par_1_7' title="bbox 0 0 1748 5452">
     <span class='ocr_line' id='line_1_38' title="bbox 0 0 1748 5452; baseline 0 0"><span class='ocrx_word' id='word_1_330' title='bbox 0 0 1748 5452; x_wconf 95' lang='lat' dir='ltr'> </span> 
     </span>
    </p>
   </div>
  </div>
 </body>
</html>
