3462 5452
848 547 965 628 ...r-2
999 591 1035 608 ...

342 691 443 768 lectos
467 703 618 784 respicias
636 704 687 780 (li.
714 701 849 786 Insignis
865 723 940 770 sane
968 711 998 770 el.
1024 706 1195 788 peculiaris
1214 711 1290 771 nota
1316 705 1371 768 illa
1400 705 1458 780 est,
1486 721 1543 784 qua

342 815 451 874 nostro
481 817 622 892 tempore
644 811 728 876 docti
758 815 829 888 viri,
850 815 1124 895 quemadmodum
1149 818 1224 880 olim
1249 817 1433 890 Morboilus,
1450 822 1542 877 utun-

339 923 401 991 tur,
419 937 492 981 cum
508 918 545 981 de
561 921 746 983 ordinandis
762 925 953 1002 germanicis
973 926 1173 987 sermonibus
1190 931 1220 986 et
1235 924 1374 1003 antiquis
1389 929 1419 985 et
1439 941 1543 985 recen·

340 1028 476 1091 tionibus
499 1031 643 1108 quaestio
669 1034 725 1091 est.
743 1032 827 1093 Inter
846 1034 1027 1112 praecipua,
1051 1033 1169 1112 quibus
1188 1033 1442 1113 distinguuntur,
1459 1032 1544 1110 signa

339 1133 471 1213 insuper
481 1137 601 1214 optimo
614 1138 685 1216 J'ure
698 1144 863 1199 enumerat
878 1139 969 1200 istam
985 1138 1259 1200 informandorum
1273 1139 1541 1217 diphthongorum

341 1242 586 1316 affectationem,
601 1244 652 1304 cui
668 1261 700 1304 re
716 1261 790 1304 vera
806 1245 985 1323 superiores
1005 1247 1206 1324 germanicae
1227 1244 1353 1306 dialecti
1375 1261 1451 1322 prae
1471 1247 1545 1305 cete·

340 1350 383 1412 ris
409 1349 575 1430 indulgere
603 1353 718 1413 solent.
747 1353 921 1414 Convenire
947 1353 1085 1431 denique
1113 1353 1233 1414 indicat
1263 1353 1402 1413 litteram
1431 1357 1441 1410 t
1464 1349 1544 1429 apud

341 1458 521 1537 superiores
551 1475 626 1520 cum
652 1461 756 1521 littera
780 1457 801 1520 d
825 1461 910 1539 apud
930 1461 1096 1522 inferiores
1121 1459 1275 1522 dialectos
1298 1465 1328 1521 et
1349 1459 1448 1538 hujus
1471 1475 1544 1519 con-

342 1581 454 1626 sensus
476 1565 617 1642 plurima
640 1566 730 1628 alieri
751 1568 908 1645 exempla,
934 1572 992 1628 ut:
1014 1566 1098 1646 angl.
1123 1565 1162 1627 do
1177 1587 1199 1626 :
1213 1583 1314 1646 germ.
1342 1565 1440 1640 tlaun;
1468 1565 1542 1625 boll.

342 1668 418 1731 door
432 1685 453 1726 ι
468 1688 568 1752 germ.
586 1671 673 1733 ibiire
687 1673 813 1752 aliaque
828 1675 941 1748 multa,
959 1691 1033 1736 cum
1048 1673 1087 1736 de
1109 1673 1179 1753 ejus
1193 1673 1414 1753 etymologicis
1436 1670 1545 1733 studiis

344 1779 465 1856 agetur,
488 1778 570 1839 infra
585 1778 811 1841 enumeranda.

381 1887 444 1946 Neo
473 1885 579 1947 minus
606 1887 742 1948 feliciter
764 1886 891 1949 ordinat
925 1888 1114 1951 inferiorum
1146 1888 1402 1968 germanicarum
1431 1885 1545 1946 dialec-

341 1997 449 2054 torum
465 1995 627 2071 speciem:
654 1995 704 2055 his
727 1995 810 2056 enim
835 1997 1003 2074 praeponit
1023 2000 1163 2057 veterem
1184 1995 1372 2056 saxonicum
1394 1992 1547 2069 (elisach-

343 2100 441 2177 sisch)
455 2099 509 2181 (ἓ),
537 2101 629 2180 juxta
652 2119 746 2180 quem
770 2103 884 2164 merito
906 2103 1086 2164 Frisionum
1108 2103 1250 2180 linguam
1271 2101 1409 2161 collocat
1425 2097 1467 2179 (3)
1484 2101 1547 2159 eta

346 2225 410 2286 quo
426 2208 512 2269 fonte
527 2213 637 2287 postea
651 2208 830 2270 batavicam
846 2213 1028 2287 ceterasque
1048 2208 1219 2270 hodiernae
1243 2205 1404 2268 inferioris
1428 2205 1548 2267 Germa-

344 2314 417 2376 niae
430 2316 617 2378 vernaculas
633 2321 716 2377 ortas
729 2333 798 2376 esse
812 2319 895 2378 recte
911 2317 1091 2377 arbitratur.

383 2424 465 2485 Huic
480 2428 586 2485 autem
600 2423 708 2503 generi
724 2423 919 2502 linguarum,
935 2422 1065 2502 perinde
1081 2440 1117 2484 ao
1138 2420 1333 2483 Schottelius
1350 2417 1393 2500 (l)
1414 2423 1446 2480 ot
1461 2417 1548 2478 Leib-

345 2529 446 2591 uitius
471 2528 525 2608 (ὅ),
546 2531 716 2608 praecipue
744 2530 838 2602 lavet,
867 2534 897 2591 et
923 2545 1118 2608 quamquam
1148 2532 1333 2589 accuratum
1360 2531 1392 2588 et
1414 2526 1548 2604 politum

345 2653 538 2709 sermonem,
555 2654 619 2714 quo
635 2637 668 2696 in
684 2636 810 2714 scriptis
823 2636 907 2697 docti
929 2637 988 2696 viri
1004 2639 1150 2710 utuntur,
1174 2635 1270 2714 vulgo
1288 2629 1548 2694 neubociideutscb

344 2740 481 2814 dictum,
498 2758 557 2802 nec
573 2741 717 2819 despicit,
733 2759 792 2803 nec
807 2743 951 2822 negligit,
969 2743 1002 2803 in
1021 2760 1095 2804 eum
1117 2746 1228 2804 contra
1246 2740 1504 2820 promovendum
1520 2743 1549 2800 et

345 2845 556 2908 excolendum
584 2846 762 2908 indefessus
786 2865 916 2925 operam
943 2853 974 2908 et
1001 2849 1145 2909 laborem
1173 2845 1341 2925 impendit,
1362 2847 1548 2907 remaculas

347 2957 453 3012 tamon
466 2952 549 3024 illaS,
567 2951 732 3030 inquibus
748 2953 970 3032 ipsiusnativa
993 2957 1071 3028 erat,
1093 2972 1126 3015 se
1151 2953 1266 3014 eximie
1283 2953 1414 3032 diligere
1436 2955 1549 3014 fatetur

353 3058 501 3135 doletque
526 3059 632 3118 minus
655 3077 805 3138 prospere
832 3061 877 3121 eis
911 3062 1053 3133 cessisse,
1085 3078 1183 3138 quam
1209 3061 1383 3133 batavicae,
1415 3061 1467 3121 cui
1492 3059 1548 3120 soli

353 3167 552 3227 humanioris
569 3168 674 3227 crrltus
688 3168 757 3227 laus
773 3169 941 3245 contigerit
956 3169 1009 3247 (6),
1022 3176 1052 3228 et
1067 3168 1100 3228 in
1115 3167 1181 3227 dies
1197 3167 1242 3227 eis
1259 3167 1398 3226 minitari
1409 3167 1549 3244 superio-

344 3289 413 3333 rem
427 3273 641 3351 germanicam
657 3290 663 3346 ;
683 3291 761 3350 (quas
777 3273 887 3334 saltem
903 3292 968 3334 non
984 3275 1072 3352 prius
1088 3273 1262 3333 exolevisse
1284 3274 1390 3345 vellet,
1408 3289 1502 3351 quam
1518 3273 1549 3333 in

349 3379 464 3438 exilem
485 3369 517 3438 ¹et
542 3379 669 3452 siccam,
698 3380 773 3440 licet
800 3380 947 3458 politam,
976 3380 1173 3457 superiorem
1188 3379 1404 3456 germanicam
1419 3395 1549 3441 succum

348 3503 444 3546 suum
457 3489 489 3545 et
505 3485 644 3564 vigorem
661 3485 863 3547 infudissent.

354 3583 358 3604 '
385 3593 407 3652 Ε
424 3592 579 3654 Saxoniae
591 3591 654 3653 oris
665 3592 798 3671 profecti
811 3597 886 3653 sunt
898 3593 993 3671 primi
1007 3594 1168 3667 Germani,
1179 3594 1233 3672 qui
1245 3594 1547 3673 anglo-saxonicam,

350 3701 435 3762 facta
464 3717 538 3760 cum
567 3700 743 3780 Anglorum
769 3700 879 3778 lingua
901 3700 1128 3774 commixtura,
1158 3701 1191 3760 in
1213 3700 1375 3761 Britannia
1399 3699 1550 3762 condide-

346 3811 440 3880 runi;
457 3806 512 3883 qui
526 3823 641 3879 sermm
667 3806 774 3866 latinis
801 3809 832 3868 et
850 3805 1037 3867 britannicis
1059 3805 1260 3867 sermonibus
1282 3806 1438 3884 paulatim
1453 3810 1550 3866 retro-

384 4091 418 4160 (l)
439 4093 508 4156 lint,
528 4095 586 4144 ltu.

383 4184 420 4254 (2)
436 4185 512 4248 ibid..
529 4190 570 4248 ὅθ,
586 4189 645 4238 322.

378 4282 416 4346 (3)
435 4279 511 4342 lim,
525 4282 566 4332 ³7.

382 4373 417 4444 (l)
436 4375 510 4441 Auos.
524 4375 599 4436 Aah..
616 4378 739 4439 iti-itt,
753 4379 810 4434 liu.
826 4378 884 4439 690,
902 4378 964 4428 itti
979 4388 1039 4444 sqq.

378 4469 415 4538 (t)
438 4471 499 4521 Uno.
515 4469 589 4533 θεώ,
602 4471 617 4535 ἓ
630 4473 671 4522 tl.

378 4561 414 4638 (6)
435 4565 503 4632 vat,
520 4567 577 4632 llo,
592 4566 650 4622 2b8.
