3446 5452
672 617 887 694 -tlaa

208 768 361 854 Ejusdem
376 789 450 831 sanc
470 770 673 848 procacitatis
693 771 797 846 specie
820 767 936 828 ollandi
963 763 1124 844 quispiam
1150 760 1302 843 potuerit,
1330 757 1382 824 cni

164 883 314 960 primum
329 878 504 938 innotuerit
519 876 659 935 secunda
674 877 712 934 ab
729 893 766 934 eo
782 875 854 934 data
867 874 1082 951 etymologica
1098 874 1167 944 lex3
1183 872 1283 948 hujus
1297 872 1383 931 enim

166 987 252 1045 baec
277 990 352 1044 sunt
375 984 491 1042 verba:
517 1005 532 1036 o
549 984 741 1060 Dassmann
762 981 812 1040 die
832 980 1006 1057 Einsilbige
1029 979 1096 1038 und
1114 997 1177 1037 von
1199 979 1385 1038 Consonan-

164 1094 257 1152 tibus
273 1091 449 1170 gleichsam
463 1105 651 1148 zusammen
666 1090 826 1166 gepresste
842 1088 979 1146 Woarter
994 1086 1082 1144 alter
1094 1084 1181 1144 halte
1195 1084 1241 1143 als
1255 1083 1383 1155 andere,

166 1216 235 1258 von
251 1197 395 1258 walchen
410 1196 460 1256 die
475 1195 686 1273 vielsylbigen
705 1193 772 1254 nnd
791 1190 1091 1270 wolllrlingendem)
1107 1190 1326 1262 berkommen,
1344 1190 1384 1247 ob

165 1323 256 1364 zwar
270 1305 303 1363 in
317 1304 474 1384 gewissen
488 1303 607 1361 Faellen
625 1301 710 1360 diese
738 1301 837 1378 Regul
865 1300 969 1376 einige
986 1299 1159 1376 Exception
1175 1297 1272 1357 leidet
1295 1320 1309 1354 n
1327 1299 1338 1372 (
1360 1301 1382 1373 ).

211 1414 275 1471 Nec
291 1417 401 1472 tamen
421 1410 523 1469 ullam
544 1408 638 1468 lacile
661 1408 817 1479 inveniaS,
835 1424 917 1483 qnae
932 1407 989 1465 illo
1006 1411 1148 1483 tempore
1173 1404 1385 1482 opportunius

168 1523 255 1578 esset
278 1515 487 1588 enuntianda,
507 1520 563 1574 aut
583 1531 676 1592 quae,
700 1507 796 1591 justis
818 1513 962 1590 prolecto
987 1510 1191 1589 quibusdam,
1209 1516 1246 1570 ut
1260 1510 1385 1569 Morho-

168 1626 248 1684 sium
274 1625 382 1700 ipsum
402 1640 469 1682 non
494 1623 586 1700 sugit,
611 1620 863 1680 correctionibus
886 1617 1049 1692 adhibitis,
1076 1635 1151 1678 cum
1178 1617 1386 1694 comprobata

169 1731 390 1790 recentiorum
404 1727 689 1806 grammaticorum
705 1726 851 1785 doctrina
865 1725 994 1802 planius
1011 1727 1192 1803 congruat(
1213 1733 1235 1802 ).

211 1839 351 1913 Accepta
380 1835 468 1895 enim
495 1834 638 1893 Morhofii
666 1833 825 1892 sententia
849 1849 979 1890 necesse
1006 1837 1073 1890 erat
1103 1849 1215 1892 eorum
1248 1847 1386 1890 errorem

169 1944 321 2020 protinus
336 1942 464 2020 deponi,
477 1941 532 2017 qui
549 1957 643 2000 omne
659 1940 853 2000 vocabulum
867 1944 1031 2014 tamquam
1047 1938 1231 1996 absolutum
1246 1942 1277 1996 et
1291 1936 1386 1995 indis-

171 2049 313 2110 solubile
341 2047 493 2125 quiddam
521 2047 734 2118 intuerentur,
763 2063 829 2104 non
852 2045 914 2103 nisi
938 2061 1045 2118 exea,
1069 2061 1165 2120 quam
1191 2060 1278 2102 nunc
1301 2043 1386 2102 exhi-

171 2157 273 2228 beret,
289 2156 391 2215 forma
406 2152 676 2213 considerandum
692 2170 729 2212 ac
744 2152 951 2212 manifestum
963 2151 1059 2209 simul
1074 2150 1169 2210 siebat
1181 2168 1276 2227 quam
1291 2168 1386 2228 prave

171 2263 328 2333 lacerent,
343 2260 448 2337 quide
463 2259 696 2319 vocabulorum
710 2259 911 2336 cognatione,
922 2258 1014 2317 nulla
1028 2257 1089 2316 nisi
1105 2258 1254 2317 fortuitae
1271 2263 1301 2317 et
1317 2276 1387 2335 spe-

172 2369 282 2428 ciosae
305 2365 473 2444 cujusdam
495 2365 715 2424 similitudinis
739 2366 861 2424 ratione
885 2365 1005 2438 habita,
1038 2368 1069 2422 et
1099 2364 1291 2440 comparatis
1318 2370 1387 2423 tan-

172 2473 346 2534 tummodo
362 2474 444 2532 inter
458 2491 490 2532 se
505 2472 635 2550 integris
649 2490 685 2532 ac
698 2473 773 2532 totis
787 2472 952 2532 vocabulis
967 2471 1159 2549 judicarent.
1184 2472 1263 2530 Ante
1279 2473 1388 2531 onmia

173 2583 275 2660 igitur
302 2580 522 2657 quaerendum
545 2597 612 2639 esse
632 2581 814 2657 apparebat,
842 2597 905 2656 qua
931 2579 1028 2638 viaet
1051 2596 1114 2655 qno
1140 2578 1276 2638 decursu
1299 2596 1387 2640 nunc

174 2689 378 2750 occurrentia
395 2687 599 2765 polysyllaba
614 2686 709 2745 verba
725 2705 743 2746 a
758 2686 957 2746 brevioribus
971 2685 1103 2746 vocibus
1116 2685 1343 2759 manavissent,
1370 2704 1386 2746 e

174 2797 295 2875 quibus
310 2795 454 2871 partibus
469 2794 601 2852 verbum
626 2793 777 2870 quodque
793 2797 962 2864 constaret,
986 2809 1085 2868 quam
1106 2793 1304 2870 peculiarem
1322 2793 1387 2853 vim

207 3099 244 3163 (t)
267 3101 337 3161 ont„
365 3103 455 3151 80-8l.
482 3127 507 3138 -
537 3101 607 3160 Quas
629 3105 655 3152 et
679 3101 771 3166 quales
793 3118 807 3148 «
829 3103 998 3166 exceptiones
1021 3117 1034 3148 o
1062 3099 1205 3150 ltorbnfius
1233 3097 1383 3164 significare

175 3197 301 3256 voluerit,
322 3210 374 3245 non
396 3198 433 3246 ita
455 3196 554 3261 liquet,
570 3196 618 3258 buc
633 3199 737 3246 tantum
755 3197 858 3248 videtur
872 3211 933 3248 vero
956 3199 1066 3262 propius
1087 3209 1154 3257 esse,
1175 3197 1198 3246 ei
1219 3197 1386 3259 potissimum

176 3296 296 3341 veterem
318 3293 549 3356 septentrionalem
565 3297 590 3342 et
612 3295 792 3357 germanicam
814 3292 891 3342 medii
908 3295 965 3342 aevi
981 3292 1099 3357 lingnam
1114 3291 1202 3355 (vulgo
1221 3289 1364 3338 mittettocl
1374 3313 1385 3326 ·

177 3385 285 3434 deatsclz
299 3383 407 3445 dictam)
420 3388 445 3435 in
463 3389 576 3436 mentem
596 3391 698 3438 venisse
708 3403 716 3450 ;
733 3387 804 3452 quod
820 3388 912 3438 saltem
929 3387 1101 3452 probabiliter
1115 3389 1179 3436 satis
1195 3398 1227 3435 ex
1242 3398 1273 3435 ea
1289 3387 1389 3434 ratione

176 3481 274 3545 conjici
288 3485 385 3545 potest,
400 3495 454 3545 qua
476 3485 502 3532 et
522 3483 599 3546 plura
614 3482 721 3533 nordica
743 3482 822 3533 verba
845 3496 905 3533 cum
928 3484 1086 3548 germanicis
1109 3480 1217 3532 vocibus
1238 3479 1348 3540 confert,
1364 3485 1390 3530 et

175 3577 285 3640 saepius
311 3576 506 3636 animadvertit,
539 3580 620 3626 multa
646 3579 798 3642 germanica
836 3577 972 3638 vocabula,
1003 3581 1030 3626 ut
1056 3575 1151 3636 Beiclrt,
1177 3574 1287 3634 Freand,
1311 3573 1391 3622 Fer'nd

175 3674 327 3735 ceteraque,
355 3683 423 3735 quae
452 3685 523 3721 nnnc
545 3671 726 3736 monosyllaba
749 3677 963 3737 pronuntientur,
989 3673 1050 3722 olim
1075 3671 1219 3736 dissyllaba
1243 3669 1282 3720 vel
1310 3671 1390 3720 etiam

176 3765 317 3830 trisyllaba
330 3765 420 3826 luisse,
435 3771 515 3831 atque
530 3769 638 3832 insuper
657 3770 825 3833 germanicae
840 3768 916 3818 medii
931 3770 987 3818 aevi
1002 3769 1109 3834 linguae
1123 3771 1171 3818 noc
1184 3769 1286 3819 crimini
1302 3769 1389 3826 vertit,

176 3861 259 3926 quod,
276 3862 355 3911 nimio
369 3863 557 3912 contractionis
572 3862 669 3924 studio,
686 3866 796 3928 antiqua
809 3864 943 3917 modulate
959 3865 1081 3914 sonantia
1097 3863 1226 3914 vocabula
1246 3865 1388 3929 asperitate

177 3960 204 4006 ct
220 3955 335 4006 duritate
347 3957 462 4021 quadam
476 3955 602 4008 affecerit.
619 3956 656 4007 et.
673 3963 782 4023 insuper
798 3958 867 4020 cna,
885 3962 943 4010 na.

213 4054 245 4116 (2)
265 4051 337 4102 idem
350 4052 443 4103 iisdem
452 4051 506 4103 lere
517 4051 603 4104 verbis
615 4052 792 4106 edoctissimo
806 4057 860 4106 viro
873 4055 914 4106 W.
931 4052 1010 4105 Skeat
1022 4057 1194 4120 praeceptum
1204 4067 1262 4105 esse
1276 4055 1390 4119 constan

179 4145 222 4201 bic
244 4149 326 4210 eninr,
341 4149 410 4200 inter
431 4147 504 4215 leges
528 4165 541 4198 c
566 4150 670 4201 canons
694 4148 734 4201 lor
752 4149 944 4216 Etymolcgy»
970 4150 1126 4216 appellatas,
1147 4163 1214 4216 ques
1236 4151 1308 4215 operi
1332 4163 1390 4211 suc.

180 4262 194 4296 n
209 4243 402 4310 Etpmologiccl
415 4243 566 4309 Dr'cticncrg
579 4244 612 4309 cs
620 4243 662 4294 tlte
674 4244 772 4310 errplr'cla
787 4245 936 4312 longanae»
948 4241 1066 4307 (Oxiord,
1084 4247 1161 4307 1888,
1174 4246 1251 4306 in-l⁰)
1264 4247 1391 4312 inscripta

179 4341 312 4410 praefixit,
329 4343 450 4407 quartam
463 4339 532 4392 bunc
543 4342 569 4391 in
579 4345 685 4392 modum
699 4345 837 4408 concepit:
851 4359 864 4390 «
879 4344 908 4393 ln
922 4346 1077 4410 comparing
1088 4350 1140 4395 two
1155 4347 1252 4406 words,
1267 4347 1287 4394 A
1299 4347 1350 4395 aad
1363 4347 1391 4408 li,

180 4437 325 4506 belonging
352 4441 378 4489 tc
405 4438 448 4488 tire
475 4450 547 4489 seme
572 4438 714 4504 languaga
738 4436 765 4490 cl
786 4437 870 4492 which
893 4441 914 4490 lt
938 4441 1059 4492 contains
1082 4439 1125 4493 tlre
1146 4439 1228 4492 leseer
1244 4440 1395 4492 numberct'

181 4532 314 4604 syllables,
330 4534 351 4586 Α
365 4537 435 4586 must
448 4531 480 4586 bc
495 4531 573 4586 taken
590 4539 615 4586 tc
628 4533 660 4586 be
675 4535 718 4586 tae
733 4548 803 4588 more
814 4537 925 4602 original
938 4537 1020 4602 word,
1033 4539 1122 4592 uineas
1135 4551 1176 4593 we
1188 4540 1253 4594 trava
1264 4541 1388 4596 evidence

179 4628 209 4689 cl
218 4633 382 4689 contractiori
398 4643 427 4685 cr
441 4634 516 4685 attrei·
530 4633 682 4702 corruption
699 4648 711 4682 e
729 4629 765 4704 tp.
784 4633 883 4706 xlllttp
