3462 5452
675 619 867 699 ——89-

202 775 248 837 Εο
274 772 359 837 enim
381 773 491 855 judice
519 793 630 836 omnes
653 775 774 837 litteras
799 774 832 834 in
856 771 1015 851 quaslibet
1040 771 1118 835 alias
1141 769 1323 851 promiscue
1350 767 1380 831 el

164 883 259 960 quasi
278 882 447 943 adnutum
464 887 665 943 transeuntes
681 883 739 941 sihi
756 882 873 959 tingere
890 880 982 941 lieet:
1007 881 1062 951 sie,
1084 884 1120 941 ut
1134 879 1293 959 quaedam
1309 879 1382 938 alle-

162 1008 275 1052 ramus
303 990 460 1067 exempla,
487 987 651 1048 titillare:
666 986 789 1060 hilario,
811 1011 825 1042 «
849 992 1033 1048 transeunte
1056 993 1074 1057 t,
1087 988 1153 1067 inq
1176 987 1226 1046 vel
1246 985 1276 1059 lc,
1293 985 1380 1063 quod

161 1113 261 1174 saepe
289 1098 354 1156 fit»
372 1095 436 1176 (t);
461 1097 581 1174 pariter
602 1094 768 1176 plonqer:
781 1091 930 1174 plumpeo
946 1093 1003 1171 (2);
1032 1092 1133 1154 vassal
1154 1112 1176 1153 :
1196 1090 1290 1173 pesell
1316 1091 1380 1172 (3);

160 1201 310 1264 schnadet
330 1225 351 1259 :
370 1222 443 1262 nore
455 1205 510 1279 (l),
523 1222 601 1284 pao,
619 1201 688 1276 ban,
705 1219 773 1260 wan
786 1200 926 1260 vicissim
941 1200 980 1261 ad
1009 1200 1209 1262 enodandam
1230 1199 1379 1260 vocabuli

159 1309 326 1391 paratousle
358 1310 588 1388 etymologiam
633 1308 827 1370 adhibentur
855 1309 920 1386 (5);
960 1307 1083 1368 cubaret
1117 1328 1139 1366 :
1178 1306 1306 1368 taberna
1345 1324 1367 1363 :

160 1415 349 1492 cadanetd).

203 1527 271 1584 Neo
285 1524 383 1596 deest,
405 1524 460 1584 uhi
481 1526 662 1601 opportuna
684 1529 741 1584 aut
764 1523 932 1585 commoda
950 1526 1076 1583 tantum
1097 1523 1165 1583 visa
1186 1522 1292 1595 luerit,
1307 1539 1381 1582 oon-

161 1631 292 1709 jeotura
317 1630 439 1690 litteras
466 1629 620 1708 quasdam
651 1631 701 1690 vel
731 1631 884 1691 cecidisse
911 1629 960 1689 vel
988 1629 1176 1701 accessisse;
1205 1629 1266 1687 ista
1293 1627 1378 1688 enim

163 1737 290 1798 ratione
306 1738 408 1797 multa
422 1755 550 1815 quoque
573 1737 668 1797 facile
688 1739 855 1798 enucleare
882 1736 986 1808 datur,
1005 1735 1052 1796 sio
1069 1754 1075 1795 ε
1093 1733 1236 1816 crapaud
1249 1753 1271 1794 :
1285 1733 1378 1794 leroete

174 1866 196 1906 :
212 1862 323 1925 raupa,
356 1867 371 1899 «
388 1843 507 1904 omisso
522 1842 541 1902 lc
555 1844 605 1904 vel
625 1863 639 1903 c
663 1867 677 1898 »
692 1846 755 1919 (l);
786 1841 867 1903 aller
880 1865 901 1900 :
916 1840 1026 1902 suellen
1041 1868 1063 1906 ς
1076 1840 1193 1922 pollen,
1220 1860 1296 1902 nam
1314 1866 1329 1897 «
1349 1859 1380 1921 q,

163 1967 189 2010 w
204 1967 301 2026 saepe
325 1949 547 2009 omittuntur»
561 1948 616 2027 (8);
646 1949 738 2010 house
753 1970 774 2005 :
789 1949 863 2023 eins,
886 1931 961 2010 nam
986 1973 1000 2004 «
1013 1948 1107 2010 facile
1130 1948 1148 2008 h
1172 1949 1384 2026 praeponitur

164 2062 221 2118 aut
249 2057 409 2117 omittitur
433 2073 448 2111 n
462 2055 515 2136 (9);
545 2057 617 2117 eelt.
637 2055 735 2116 undat
749 2076 770 2112 :
790 2075 890 2134 germ.
916 2053 1047 2131 minden,
1078 2053 1284 2127 dhnrwimlrn,
1308 2072 1382 2114 nam

164 2190 179 2222 «
196 2184 222 2226 ro
236 2183 325 2226 nuno
338 2165 442 2224 omitti
459 2181 548 2225 nune
562 2165 716 2242 praeponi
739 2164 821 2224 solet
834 2187 849 2218 »
869 2161 942 2242 (ro).

202 2273 307 2334 Simili
336 2270 444 2343 modo,
475 2271 501 2331 si
526 2288 656 2330 necesse
688 2271 794 2340 tuerit,
820 2271 1072 2330 contractionem
1097 2271 1131 2330 in
1155 2270 1381 2330 testimonium

163 2396 278 2439 vocare
292 2379 339 2438 tas
353 2381 418 2450 est;
434 2377 480 2438 sie
497 2395 503 2436 :
520 2375 589 2455 froc
604 2396 626 2431 ;
641 2374 786 2436 llberroclc
800 2375 873 2456 (tr).
891 2377 1068 2437 Leibnitius
1082 2377 1169 2436 enirn
1186 2377 1281 2455 longe
1295 2377 1383 2437 abest

163 2490 200 2545 ut
228 2485 412 2562 suspicetur
437 2484 569 2544 verbum
593 2482 662 2562 froc
683 2483 765 2542 nihil
790 2483 878 2543 aliud
908 2501 977 2544 esse
1001 2483 1064 2542 nisi
1089 2482 1163 2542 ahd.
1188 2484 1381 2545 vocabulum

168 2591 262 2653 hrocls
276 2591 334 2672 [lat
351 2589 485 2670 drocus}

203 2700 247 2760 De
262 2698 455 2758 collatorum
471 2697 554 2757 inter
566 2714 598 2756 se
614 2697 846 2757 vocabulorum
865 2695 1100 2774 significatione
1120 2715 1187 2756 non
1208 2698 1308 2757 multo
1326 2697 1383 2757 dit-

167 2807 285 2866 ticilius
301 2803 406 2882 agitur
420 2821 426 2875 ;
451 2803 507 2862 uhi
520 2803 605 2863 enim
624 2803 730 2863 minus
746 2803 892 2862 absoluta
914 2806 1046 2880 apparet
1069 2820 1181 2863 sensus
1198 2801 1381 2875 eoncordia,

166 2913 314 2990 protinus
331 2910 448 2971 adsunt
471 2909 548 2970 hino
570 2909 762 2970 esimilibus
783 2909 833 2968 vel
858 2926 875 2969 e
896 2909 1064 2969 contrariis
1083 2910 1201 2987 petitae
1227 2909 1384 2988 signitica-

166 3019 282 3090 tiones‚
297 3007 399 3088 illinc,
415 3014 601 3092 metaphora
624 2995 695 3074 aut
708 3015 860 3092 allegoria
875 3019 1045 3092 ceteraque
1060 3019 1227 3092 troporum
1244 3031 1379 3093 genera3

168 3126 236 3186 sio:
255 3149 270 3180 a
287 3121 376 3183 blanc
390 3138 412 3176 :
428 3119 507 3197 blau,
525 3119 602 3194 otor,
618 3119 702 3194 ltirz,
729 3119 819 3181 otta:
831 3167 858 3183 ..
885 3122 976 3195 Hine,
991 3139 1065 3182 eum
1088 3122 1189 3182 nimia
1204 3123 1275 3182 luce
1295 3123 1382 3181 visus

167 3229 366 3301 obtunditur,
383 3229 418 3288 fit
433 3225 561 3287 blanden
572 3233 603 3288 et
614 3225 711 3299 blind,
722 3245 836 3288 caecus
849 3251 863 3282 n
873 3227 944 3307 (lh);
962 3228 1049 3288 haud
1061 3229 1168 3289 aliter:
1185 3229 1247 3309 affe
1261 3248 1282 3288 :
1297 3227 1380 3302 aber,

172 3457 369 3468 ——-.-——

198 3613 236 3676 (t)
255 3609 327 3667 but„
345 3608 388 3668 Vl,
401 3619 464 3671 pars
475 3609 499 3666 2,
512 3618 539 3670 p.
556 3609 598 3656 st.

203 3703 237 3768 (2)
309 3726 337 3740 -
462 3725 490 3739 -
563 3703 605 3751 at.

200 3797 240 3862 (3)
309 3823 339 3834 -
462 3820 491 3834 -
563 3798 605 3846 66.

202 3894 237 3956 (t)
307 3919 337 3930 -
463 3918 491 3929 -
548 3894 606 3942 lla.

202 3991 236 4052 (5)
306 4014 334 4026 -
459 4013 489 4024 -
546 3989 604 4037 tea.

203 4081 240 4150 (6)
311 4108 341 4120 -·
464 4108 492 4121 -
566 4085 607 4134 55.

204 4177 238 4242 (l)
311 4203 341 4215 -
464 4204 491 4215 -
565 4181 606 4228 56.

201 4261 237 4328 (8)
308 4288 339 4301 -
461 4288 492 4299 -
563 4265 594 4313 52
608 4264 634 4313 et
647 4263 688 4312 59.

200 4356 235 4422 (9)
311 4383 340 4394 -
462 4382 493 4393 -
564 4359 605 4408 at.

188 4449 239 4518 (td)
310 4477 341 4488 -
465 4477 496 4487 -
551 4453 608 4500 too.

186 4548 237 4612 tlt)
310 4573 338 4584 -
445 4571 492 4582 ,-
565 4547 606 4595 59.

186 4647 237 4709 (la)
310 4667 339 4679 -
462 4667 492 4679 ·-
564 4641 605 4694 53.
