3446 5452
842 553 1061 642 -102-

347 701 440 778 initio
463 721 574 778 contra
598 711 797 796 insequentis
826 713 901 780 anni
921 713 1163 797 Sparvenieldio
1186 716 1316 780 nuntiat
1337 711 1393 780 diu
1416 717 1555 797 optabam

347 826 542 903 opusculum
563 822 693 888 tandem
717 824 750 886 in
770 843 843 888 suas
861 843 977 888 manus
991 824 1116 890 venisse
1131 829 1227 906 atque
1250 825 1278 888 ei
1301 825 1406 888 stetim
1429 825 1555 906 rescrip-

346 937 417 996 tum
433 934 595 1012 exemplar
609 932 753 1012 ejusdem
768 933 868 996 mittit
881 934 935 1008 (l).

387 1040 476 1102 Unde
502 1041 599 1120 igitur
623 1040 782 1102 leibnitio
802 1043 875 1102 anie
902 1038 989 1101 hunc
1013 1055 1133 1100 annum
1162 1039 1240 1101 1698
1260 1040 1310 1102 vel
1336 1037 1554 1119 Glaubergiani

351 1147 455 1225 operis
476 1147 592 1209 notitia
613 1146 783 1224 quaedam,
801 1147 851 1207 rel
872 1146 1010 1208 maxime
1032 1147 1103 1224 ejus
1125 1147 1303 1226 argumenti
1327 1151 1437 1208 exacta
1458 1147 1555 1209 conti-

350 1254 431 1334 gerit
443 1253 596 1332 cognitio,
621 1253 674 1314 vix
697 1253 757 1313 erit
782 1252 868 1330 quod
884 1252 940 1313 diu
954 1253 1108 1329 requiras.
1132 1253 1212 1313 Cum
1231 1253 1317 1314 enim
1342 1271 1380 1314 eo
1402 1258 1553 1332 ternpore,

352 1365 386 1422 ut
400 1361 468 1438 jam
482 1377 578 1437 supra
592 1363 738 1421 notatum
754 1363 812 1431 est,
828 1377 936 1430 nemo,
952 1359 1014 1418 nisi
1031 1360 1215 1432 Morlrossus,
1232 1361 1414 1439 Claubergii
1431 1361 1555 1440 «Regu-

350 1467 398 1530 las
417 1491 431 1520 υ
448 1467 532 1545 typis
549 1465 654 1526 denuo
671 1466 882 1544 exscripserit,
901 1465 1221 1544 manilesio'apparet,
1233 1483 1299 1526 non
1310 1467 1371 1526 nisi
1384 1484 1424 1526 ex
1436 1465 1557 1526 Institu-

354 1574 435 1634 tione
451 1572 643 1633 leibnitium
656 1572 827 1650 desumere
848 1572 990 1650 potuisse
1006 1571 1162 1649 quidquid
1181 1572 1219 1632 de
1237 1573 1379 1651 ejusdem
1406 1573 1556 1650 opusculo

350 1682 384 1742 iu
398 1681 507 1742 libello
533 1677 791 1759 Unoorproisliclte
815 1675 978 1739 Gednnlren
1003 1677 1127 1739 dixerit.
1147 1679 1236 1741 Unde
1251 1698 1317 1740 non
1336 1681 1441 1740 minus
1457 1698 1557 1742 necas

351 1788 436 1850 sario
463 1787 558 1847 iirerit
583 1785 853 1853 concludendum,
869 1803 929 1846 nec
950 1790 1023 1846 anie
1038 1805 1157 1847 annum
1180 1789 1256 1848 maa
1277 1789 1421 1866 potuisse
1441 1790 1557 1851 alcib-

350 1896 431 1958 nitio
447 1894 592 1956 libellum
615 1891 876 1973 Unoorqreislicbe
893 1890 1056 1954 Gadanleu
1079 1896 1249 1968 conscribi,
1266 1897 1340 1956 etei
1355 1896 1557 1974 componenti

352 2003 390 2064 ad
406 2021 518 2062 manus
532 2001 630 2061 luisse
645 2000 790 2059 llorbolii
804 1997 1043 2072 Institutionem,
1065 2018 1161 2078 quam
1179 2000 1351 2081 diligenter
1365 2003 1557 2080 perspexerit

351 2115 381 2172 et
398 2110 529 2170 uberius
543 2109 677 2168 insuam
695 2106 863 2166 utilitatem
879 2106 1007 2166 verterit
1024 2105 1077 2184 (t).

389 2218 541 2291 Quamvis
565 2219 671 2276 autem
696 2214 801 2302 magni
823 2213 994 2273 llorhoiius
1018 2213 1198 2293 Claubergii
1222 2232 1302 2292 opus
1324 2221 1355 2275 et
1383 2217 1558 2278 sententias

350 2326 472 2395 lecerit,
494 2340 654 2400 nusquam
680 2325 785 2380 tauron
809 2320 841 2379 in
871 2337 945 2379 eum
967 2319 1006 2380 de
1034 2322 1106 2397 jure
1131 2320 1225 2398 aequi
1249 2339 1286 2380 ac
1308 2321 1398 2382 liberi
1422 2324 1558 2383 censoris

351 2431 497 2501 decessit,
514 2428 579 2498 sed,
595 2432 673 2505 quot
686 2431 717 2486 et
737 2426 864 2502 qiruniis
882 2426 1043 2486 erroribus
1056 2431 1085 2485 ei
1101 2426 1186 2486 vitiis
1202 2427 1271 2504 eJus
1285 2427 1430 2488 doctrina
1447 2429 1560 2491 iniecta

351 2544 444 2608 esset,
469 2535 624 2613 sagaciter
649 2533 785 2611 dispexit
807 2537 838 2592 et
864 2533 987 2592 sincera
1010 2533 1070 2593 lide
1098 2535 1231 2594 notavit.
1259 2535 1354 2594 Velut
1377 2537 1418 2606 ei,
1440 2541 1476 2596 ut
1497 2538 1560 2615 jam

352 2663 448 2725 supra
466 2647 612 2706 notatum
638 2645 695 2712 est,
713 2640 883 2718 praecipue
898 2638 971 2712 hoc,
987 2646 1017 2702 ct
1044 2641 1164 2718 optimo
1188 2641 1316 2718 quidem
1337 2644 1421 2721 jure,
1438 2645 1560 2706 crimini

1093 2817 1178 2826 ...ι-ι..

352 2927 521 2993 Etpmologiu
540 2928 647 2994 linguae
667 2932 770 2980 nostrae
784 2928 1001 2996 philosophatum
1015 2946 1093 2998 quem
1109 2933 1225 2984 nondum
1242 2932 1292 2982 vidi
1312 2949 1337 2982 o.
1352 2933 1416 2982 Cum
1433 2944 1484 2982 non
1501 2929 1561 2982 nulii

352 3025 386 3072 sit
409 3027 532 3074 momenti
556 3024 588 3074 de
610 3028 737 3088 tempore,
765 3040 817 3092 quo
846 3027 909 3078 baec
932 3027 1041 3091 epistola
1064 3030 1215 3093 conscripta
1236 3030 1279 3087 sit,
1305 3029 1417 3079 certiora
1436 3027 1562 3094 quaedam

352 3120 521 3178 constituere,
544 3118 612 3168 baud
636 3119 684 3168 abs
696 3133 722 3169 re
737 3121 786 3171 erit
808 3121 917 3172 loriasse
940 3121 1159 3182 animaduertere,
1178 3121 1334 3172 Laibniiium
1350 3124 1374 3172 in
1393 3136 1423 3172 ea
1446 3122 1564 3172 litterisa

353 3213 462 3264 Ludoiio
477 3214 637 3264 Francoiorti
653 3218 693 3264 l8.
705 3215 772 3279 junii
794 3219 857 3267 1698
873 3216 942 3267 datis
958 3216 1116 3280 respondere
1129 3219 1155 3266 et
1168 3217 1253 3268 Meieri
1269 3219 1428 3267 sententiam
1443 3216 1475 3267 de
1489 3228 1564 3267 voca·

353 3307 416 3358 bulo
433 3309 621 3358 Bererrloeuter
635 3309 801 3372 confirmare,
817 3325 897 3376 quam
914 3311 954 3363 bio
969 3310 1077 3362 Ludutio
1091 3313 1115 3360 in
1132 3311 1243 3376 epistola
1264 3314 1289 3362 9.
1307 3310 1371 3362 iebr.
1389 3313 1453 3362 raas
1468 3311 1565 3376 scripta

353 3407 537 3468 proposuerat.
553 3403 671 3455 leibnitii
683 3405 794 3472 epistola
809 3409 890 3472 igitur
904 3407 1040 3472 posteriori
1055 3407 1116 3457 anni
1134 3409 1197 3456 ¹698
1213 3408 1279 3471 parti
1294 3410 1334 3458 est
1347 3404 1530 3458 adscribenda.

385 3502 423 3564 (i)
439 3498 511 3559 Dat,
532 3501 574 3560 Vl,
589 3513 651 3565 pars
665 3504 690 3560 2,
704 3515 730 3567 p.
747 3505 795 3553 22⁰
810 3503 845 3563 (i.
861 3501 941 3566 april.
959 3503 1045 3569 1699);
1062 3513 1146 3566 usque
1162 3501 1187 3550 in
1201 3499 1309 3552 ultimos
1322 3502 1391 3552 ritae
1404 3513 1468 3553 suae
1480 3513 1564 3552 annos

356 3592 441 3644 libens
452 3594 628 3648 recordatura
638 3600 797 3662 separatum
813 3597 894 3648 tuisse
906 3595 1012 3648 modam
1028 3595 1076 3648 boc
1087 3596 1244 3661 opusculum
1256 3595 1305 3662 (ct.
1319 3596 1465 3661 Epistulam
1477 3596 1562 3648 lllllx.

355 3687 388 3739 ad
401 3687 576 3750 llortboltum,
589 3692 770 3751 deorovarae,
786 3691 827 3742 die
842 3694 881 3742 iti.
898 3704 958 3742 nov.
974 3694 1038 3742 liti
1052 3690 1151 3752 datam,
1167 3704 1211 3756 ap.
1226 3691 1297 3752 liat,
1313 3691 1344 3751 V,
1360 3693 1430 3752 ³³4).

387 3783 426 3846 (2)
444 3784 549 3843 Quanta
566 3797 640 3846 cura,
655 3787 726 3838 circa
741 3785 812 3838 buno
831 3788 917 3851 ipsum
938 3799 1037 3837 annum
1053 3789 1127 3846 litei,
1142 3799 1195 3851 quo
1216 3784 1334 3837 libellum
1349 3783 1567 3850 duvorpreifiiciie

355 3881 493 3932 Gedonlreu
516 3883 693 3946 compositum
712 3895 770 3934 esse
791 3882 859 3931 inter
875 3880 1015 3946 plerosque
1035 3883 1149 3939 constat,
1170 3879 1264 3930 eruditi
1286 3879 1322 3930 iili
1345 3881 1402 3940 viri,
1423 3893 1501 3946 quos,
1526 3852 1566 3930 re¹

358 3979 475 4028 maximo
490 3977 575 4041 spatio
595 3976 734 4038 distantes,
749 3974 869 4027 leibnitii
885 3974 1014 4025 industria
1035 3977 1111 4041 quasi
1127 3976 1152 4025 in
1170 3987 1251 4025 unum
1271 3978 1370 4026 ooetum
1385 3976 1567 4036 contraxerat,

354 4085 412 4123 sese
429 4070 462 4124 ad
485 4071 601 4123 studium
621 4069 800 4124 Morhofianae
814 4070 987 4120 iustitutionis
1001 4068 1171 4130 contulerint,
1182 4068 1238 4134 jam
1248 4070 1314 4120 satis
1328 4082 1461 4134 superque
1475 4067 1570 4121 docent

359 4167 542 4218 innumeraea
560 4164 688 4217 leibnitio
707 4178 767 4217 oum
789 4163 898 4215 Ludolio
912 4166 938 4214 et
949 4164 1044 4216 Meiero
1060 4166 1272 4215 communicatae
1287 4162 1401 4225 litterae,
1416 4176 1465 4215 neo
1483 4143 1570 4214 minus

355 4260 442 4313 lucide
457 4260 651 4322 demonstrant,
667 4263 723 4312 tum
740 4261 827 4311 Meteri
849 4258 969 4324 epistola,
991 4259 1018 4310 in
1040 4271 1103 4324 qua,
1123 4257 1249 4310 Morboflo
1264 4257 1342 4320 duce,
1355 4257 1388 4310 de
1401 4257 1526 4310 omnibus
1537 4257 1570 4310 ad

358 4355 473 4406 radicem
487 4355 550 4404 mod
562 4354 706 4406 referendis
726 4353 862 4405 vocabulis
875 4353 1028 4419 disputatur
1039 4353 1123 4417 (but,
1140 4355 1182 4415 Vl,
1197 4367 1260 4419 pars
1275 4357 1300 4415 2,
1314 4367 1341 4421 p.
1359 4357 1496 4416 lii-ild),
1514 4357 1569 4405 tum

355 4463 454 4515 magna
470 4449 718 4515 francogallicarum
731 4448 951 4514 etymologiarum
961 4450 1047 4513 copia,
1062 4461 1130 4513 quas
1142 4449 1197 4513 ipse
1210 4447 1366 4508 leibnitius,
1382 4451 1412 4500 ut
1423 4447 1478 4513 jam
1491 4461 1571 4513 supra

358 4544 603 4607 animadvertimus,
623 4543 828 4603 cumulositate
846 4557 1001 4604 communes
1022 4541 1111 4612 habet,
1133 4557 1165 4598 ne
1183 4543 1270 4600 varius
1288 4542 1385 4606 dicim,
1406 4556 1439 4600 ex
1451 4540 1569 4600 uoruotii
1654 4525 1656 4532 Ι

368 4639 632 4720 operadcprorupsii.
856 4628 860 4640 '
