3446 5452
612 981 804 1171 rans
846 1046 942 1169 iv.

254 1337 362 1414 QUAM
385 1335 516 1401 CURAM
538 1335 762 1402 MORHOFIUS
785 1334 835 1397 ΑΙ)
860 1332 1031 1399 ulnuuau
1054 1329 1306 1394 onuuaulcan

652 1467 903 1534 GONTULERIT.

633 1736 912 1756 m

682 2033 832 2110 CAPUT
860 2035 888 2108 1.

516 2315 638 2373 QUIBUS
665 2315 819 2363 nlvnnsls
845 2313 1046 2363 RATIONIBUS

203 2444 400 2495 monueritis
426 2447 466 2496 ET
491 2447 675 2497 LEIBNITIUS
697 2446 953 2497 REFORMANDAE
975 2443 1364 2526 LinGUAEcEnMachE

576 2579 716 2630 OPERAM
750 2579 985 2628 SUSCEPERINT.

225 3128 384 3205 Posquarn
408 3128 607 3206 germanicae
632 3127 761 3207 linguae
784 3127 928 3188 debitum
950 3127 1004 3206 jus
1029 3128 1067 3188 ab
1094 3128 1166 3188 aliis
1190 3126 1393 3189 sermonibus
1510 3169 1517 3192 .

187 3237 335 3312 exegerat
351 3237 382 3293 et
394 3233 649 3294 eruditissimum
663 3251 823 3312 quemque
840 3235 873 3293 in
888 3233 1056 3294 Germania
1071 3233 1234 3305 docuerat,
1253 3233 1393 3311 antiqui-

186 3343 249 3400 tate
265 3345 297 3400 et
311 3339 465 3419 dignitate
487 3341 619 3401 minime
639 3341 796 3418 imparem
821 3358 890 3400 esse
913 3341 1058 3418 linguam
1084 3358 1175 3399 suam
1200 3339 1394 3400 reverendis-

181 3445 283 3518 simis,
301 3445 327 3505 si
350 3463 431 3523 quae
446 3447 572 3506 fuerant
596 3446 680 3524 apud
701 3451 834 3519 veteres,
852 3446 1007 3519 dialectis,
1026 3447 1198 3506 Morhotius
1218 3446 1302 3518 inde,
1322 3450 1394 3505 ante

181 3569 302 3625 omnes,
324 3554 538 3632 etymologiae
559 3558 727 3631 praecepta
741 3552 916 3613 deduxerat
938 3557 969 3612 et
983 3570 1103 3624 veram,
1128 3559 1239 3612 nostra
1264 3552 1395 3611 demum

181 3661 281 3718 aetate
306 3658 557 3736 comprobatam,
588 3660 758 3720 historicae
786 3659 1041 3737 investigationis
1072 3660 1229 3719 rationem
1261 3659 1395 3718 inchoa-

183 3769 280 3825 verat.

221 3871 312 3944 Quod
326 3873 353 3933 ei
370 3873 532 3952 agendum
544 3878 718 3950 supererat,
736 3873 767 3934 id
780 3873 892 3933 eodem
903 3873 1000 3933 modo
1013 3874 1162 3945 absolvit,
1178 3891 1216 3933 ea
1226 3877 1395 3951 praecepta

187 3977 342 4037 adhibens
358 3977 397 4038 ad
412 3979 665 4056 promovendum
682 3979 810 4059 linguae
828 3980 999 4058 poesisque
1023 3980 1226 4057 germanicae
1251 3980 1395 4040 studium

187 4090 216 4145 et
231 4085 264 4144 in
279 4086 396 4145 melius
409 4086 599 4146 mutandam
613 4087 773 4147 notitiam.

220 4193 323 4269 Atque
343 4193 375 4251 in
390 4192 504 4269 primis
519 4193 671 4254 historiae
688 4193 811 4272 legibus
826 4195 859 4254 in
879 4198 947 4254 toto
963 4211 1058 4272 opere
1073 4212 1163 4268 usuS,
1181 4195 1395 4271 conspicuum

185 4300 349 4361 doctrinae
367 4299 453 4360 dedit
468 4299 711 4373 documentum,
726 4302 904 4361 litterarum
926 4301 1083 4380 descripta
1098 4302 1243 4373 historia,
1261 4301 1347 4378 quod
1364 4302 1397 4360 in

184 4406 324 4467 secundo
339 4405 548 4466 Institutiom'a
566 4408 648 4467 libro
664 4408 841 4467 notandum
858 4413 924 4476 est;
950 4427 1031 4486 quae
1054 4411 1159 4486 operis
1175 4427 1260 4486 pars,
1283 4427 1397 4486 quam-

186 4530 283 4590 quam
299 4512 338 4572 ab
361 4513 488 4589 incepto
512 4519 622 4573 nostro
646 4514 781 4590 paulum
807 4515 942 4584 aberrat,
966 4517 1147 4575 accuratius
1174 4519 1281 4575 tamen
1297 4515 1396 4591 respi-

172 4617 306 4682 cienda
333 4635 401 4680 esse
426 4618 519 4682 nobis
548 4618 684 4691 videtur,
708 4637 782 4682 cum
814 4621 894 4685 mire
933 4639 1007 4686 cum
1029 4627 1095 4689 tota
1121 4623 1189 4709 ejus
1216 4621 1338 4689 ratione
1369 4626 1398 4685 et
