3446 5452
869 639 1073 721 -122-

362 811 467 876 wopan
488 790 622 871 5551555;
649 790 768 858 11515555
794 791 935 874 (Kitron)
953 795 1104 877 pulvinar
1127 799 1158 862 et
1184 792 1292 860 15115555
1317 793 1469 874 555511551;
1502 789 1576 858 thor

361 906 477 966 stultus
493 911 524 966 51
539 903 621 966 11555
632 910 740 984 portu;
768 903 867 968 Wand
880 907 985 985 paries
1002 911 1032 969 et
1056 904 1157 968 Waad
1173 905 1324 985 pannus(
1349 905 1369 987 ).

400 1013 464 1073 Neo
476 1012 578 1073 ullam
592 1013 817 1091 praetermittit
833 1013 1046 1088 occasionem,
1064 1013 1142 1091 quin
1158 1017 1327 1086 memoret,
1345 1012 1444 1073 multo
1459 1011 1575 1072 minus

361 1119 533 1180 verborum
549 1119 796 1181 similitudinem
817 1137 915 1198 quam
941 1120 1129 1180 continuam
1155 1120 1334 1181 litterarum
1357 1119 1575 1180 mutationem

360 1239 428 1286 5555
450 1225 701 1303 respiciendam:
725 1243 812 1287 nunc
836 1227 923 1287 enim
944 1227 1066 1286 instans
1089 1227 1134 1286 sic
1148 1225 1309 1304 disputat:
1335 1250 1348 1282 «
1366 1227 1488 1286 1515155
1507 1223 1579 1285 auli

360 1331 538 1393 Gleichheit
552 1332 641 1392 nicht
657 1349 691 1392 so
705 1332 778 1393 sehr
798 1332 963 1404 55551555,
980 1333 1026 1394 als
1044 1333 1111 1392 aull
1124 1332 1174 1392 die
1200 1332 1444 1411 Veraenderung,
1464 1331 1516 1392 die
1540 1330 1575 1389 in

360 1438 423 1500 den
447 1440 606 1500 Woertern
629 1440 871 1516 555155111511),
896 1457 984 1501 5555
1008 1445 1234 1519 argumentum
1256 1458 1367 1502 rursus
1390 1441 1439 1502 his
1466 1440 1575 1501 verbis

359 1547 492 1624 premit:
518 1569 532 1601 «
550 1546 627 1606 Eine
645 1547 841 1626 Hauptregul
858 1547 907 1618 151,
925 1547 985 1607 wie
1001 1546 1052 1606 ich
1073 1546 1173 1607 sehon
1187 1546 1302 1608 vorhin
1317 1547 1481 1620 55515555,
1497 1546 1575 1608 51555

360 1651 1021 1725 555515515555115551151156151555511,
1046 1653 1092 1712 als
1108 1653 1176 1712 aull
1189 1652 1239 1714 5115
1259 1653 1495 1734 Veraenderung
1516 1654 1576 1715 der

362 1760 499 1819 Woerter
516 1757 590 1819 sebe
606 1781 620 1812 »
637 1758 696 1836 (3);
722 1776 758 1818 ao
778 1776 904 1837 semper
918 1777 955 1819 eo
972 1758 1077 1820 5555111
1100 1760 1169 1837 ejus
1186 1761 1432 1839 argumentatio,
1450 1765 1486 1822 ut
1506 1779 1575 1823 ma-

359 1866 513 1927 nifestum
529 1867 593 1940 ilat,
617 1871 773 1944 quantum
789 1866 924 1938 intersit,
952 1889 966 1921 «
983 1865 1055 1926 dass
1072 1882 1148 1926 man
1169 1883 1226 1944 gar
1248 1884 1353 1946 genau
1374 1868 1425 1928 die
1445 1869 1575 1930 1155555-

362 1973 484 2052 derung
497 1973 553 2034 der
568 1973 735 2035 Vocalium
751 1972 817 2033 und
832 1972 1085 2033 consonantium
1101 1972 1134 2032 15
1156 1973 1236 2033 115151
1249 1973 1378 2048 5515555,
1394 1993 1504 2036 woran
1520 1976 1574 2036 ein

360 2097 485 2159 grossas
501 2080 534 2140 in
549 2079 610 2140 den
625 2079 881 2139 Derivationibus
896 2079 951 2139 der
963 2080 1100 2140 Woerter
1112 2080 1244 2158 gelegen
1259 2104 1272 2136 5
1289 2081 1342 2156 (d).

399 2187 461 2246 Has
476 2190 582 2248 autem
597 2185 776 2247 litterarum
792 2185 987 2246 mutationes
1010 2184 1102 2245 nullo
1117 2190 1211 2262 pacto
1227 2203 1285 2263 pro
1300 2203 1371 2246 rara
1385 2187 1574 2265 exceptione

360 2295 415 2352 aut
441 2292 603 2352 anomalia
625 2292 694 2352 5511
717 2291 848 2364 15511551;
874 2291 971 2352 immo
999 2308 1111 2352 omnes
1137 2309 1231 2352 55555
1255 2311 1273 2352 5
1297 2293 1443 2370 pristimo
1469 2292 1574 2354 forma

360 2400 539 2460 necessario
560 2398 721 2460 discedere
742 2399 915 2472 existimat,
943 2401 978 2458 ut
1002 2415 1148 2476 quaeque
1168 2399 1218 2458 vel
1243 2398 1281 2458 ad
1304 2399 1401 2460 aliam
1426 2398 1575 2478 linguam

364 2510 515 2579 15555551,
532 2507 581 2566 551
604 2507 637 2566 15
657 2523 721 2566 una
740 2504 916 2582 eademque
941 2505 1062 2581 lingua,
1089 2508 1157 2564 tum
1182 2521 1243 2564 usu
1267 2504 1455 2581 quotidiano
1480 2505 1575 2582 quasi

361 2614 445 2687 15115,
463 2619 533 2674 tum
546 2613 757 2674 dialectorum
771 2612 922 2671 varietate
945 2611 1010 2689 jam
1028 2610 1066 2670 ab
1084 2609 1177 2670 initio
1194 2611 1289 2670 variis
1314 2610 1426 2670 lormis
1447 2610 1574 2684 induta,

364 2720 424 2780 sibi
439 2720 507 2797 ipsa
520 2719 650 2780 tandem
666 2717 831 2778 dissimilis
846 2717 928 2778 sacta
941 2734 1009 2778 esse
1025 2716 1180 2777 videatur.

399 2827 525 2906 Optimo
550 2826 622 2905 jure
651 2823 886 2897 animadvertit,
911 2823 987 2884 hino
1011 2824 1043 2883 in
1070 2823 1156 2883 omni
1182 2823 1292 2901 lingua
1316 2823 1368 2883 vix
1393 2823 1576 2902 quidquam

358 2934 524 2995 vocalibus
537 2932 690 2992 mobilius
706 2949 785 3003 esse,
803 2948 877 2991 cum
897 2935 1031 2991 cunctae
1051 2948 1152 3008 paene
1170 2931 1203 2990 in
1218 2931 1378 3008 quaslibet
1402 2933 1482 2994 alias
1498 2951 1578 2994 con-

358 3045 531 3110 vertantur,
556 3056 622 3099 555
645 3037 741 3098 555515
766 3035 806 3096 551
827 3038 961 3098 alteram
981 3037 1125 3116 linguam
1152 3037 1362 3115 migrantibus
1389 3040 1574 3114 vocabulis,

359 3147 414 3208 sed
430 3147 526 3208 etiam
539 3144 653 3223 privati
667 3143 825 3221 cujusque
838 3142 979 3204 hominis
996 3160 1049 3203 ore
1066 3143 1183 3203 sensim
1200 3143 1362 3204 insinuata
1377 3149 1408 3205 et
1420 3148 1577 3223 proniore

359 3255 517 3332 cujusque
533 3249 660 3312 dialecti
682 3250 721 3310 551
746 3254 848 3310 555155
870 3266 965 3309 55555
991 3248 1096 3309 5155115
1121 3254 1215 3309 55515
1234 3249 1268 3310 15
1295 3249 1362 3310 51155
1386 3251 1576 3332 discrepan-

359 3362 404 3423 tia
420 3358 478 3438 (5);
501 3357 591 3418 illinc
611 3357 676 3418 1555
699 3356 785 3416 idem
802 3354 1054 3416 consonantibus
1071 3355 1266 3434 contingere,
1289 3379 1303 3411 5
1326 3357 1386 3416 wie
1399 3355 1483 3417 denn
1499 3359 1576 3421 eine

358 3465 498 3547 jegliche
511 3463 650 3542 Sprache
662 3463 731 3523 ihre
753 3463 863 3541 eigene
877 3462 1096 3522 Consonantes
1111 3460 1177 3534 1551,
1195 3461 1315 3522 welche
1339 3462 1384 3524 sie
1407 3481 1465 3524 vor
1483 3466 1574 3526 allen

363 3573 485 3636 andern
513 3571 631 3634 beliebt
660 3593 674 3625 »
705 3569 762 3650 (6);
800 3574 951 3646 utrasque
985 3568 1115 3628 tandem
1140 3586 1346 3647 nequaquam
1373 3571 1479 3632 subito
1515 3579 1575 3634 aut

392 3875 427 3934 (1)
447 3873 517 3935 Una,
535 3876 576 3924 91.
594 3899 622 3910 -
638 3874 694 3925 1155
717 3872 796 3939 plane
819 3871 925 3938 quidem
941 3871 975 3923 ad
990 3871 1067 3922 tidem
1092 3871 1239 3924 taciendam
1254 3875 1346 3938 aptum
1371 3869 1452 3923 51515151
1472 3871 1574 3934 polerit

360 3965 481 4017 ultimum
492 3981 508 4018 a
520 3967 646 4021 Morbofio
660 3967 768 4019 allatum
782 3965 931 4031 exemplum
941 3981 948 4028 ;
960 3965 1005 4017 sed
1019 3967 1172 4018 etiamnunc
1182 3967 1249 4017 155155
1260 3967 1448 4031 grammaticos
1462 3965 1574 4016 minime

358 4063 474 4121 constet,
489 4075 543 4127 qua
565 4063 665 4113 5511555
681 4063 734 4113 5151
756 4061 843 4112 variae
862 4059 984 4112 vocabuli
1006 4059 1091 4110 Wand
1110 4059 1318 4126 significationes
1333 4059 1401 4110 15155
1415 4072 1443 4110 55
1458 4071 1572 4124 compo·

365 4153 468 4207 naodae
482 4158 508 4206 ot
523 4155 556 4207 ad
571 4156 686 4208 radicem
705 4154 777 4208 555111
794 4153 901 4205 Winden
923 4154 1083 4207 referendae.

392 4246 429 4314 (1)
449 4249 519 4310 Una,
533 4252 653 4301 111-111.

389 4345 430 4409 (3)
447 4342 525 4406 laid„
541 4347 600 4396 1911.

392 4437 427 4506 (1)
446 4437 522 4500 lorti..
537 4442 630 4491 112-93.

391 4533 428 4595 (ll)
444 4533 653 4596 115“51.,111-111.

394 4628 523 4709 (6111151,
544 4631 601 4689 (11,
