3446 5452
654 655 867 740 *tlt-

148 817 280 900 putant,
304 817 417 881 etune
441 811 563 896 impetu
586 836 848 897 supervacaneas,
870 823 905 879 ut
925 811 1069 890 creduut,
1094 811 1213 878 litteras
1239 831 1367 878 evoca*

149 930 239 990 bulis
256 929 431 1007 expellunt,
447 928 538 987 nulla
558 927 621 986 nisi
637 927 707 986 soni
728 927 761 986 in
783 925 952 987 scribendo
973 925 1113 985 admissa
1128 942 1251 985 norma.
1275 923 1366 996 Quod

150 1038 332 1098 maximam
357 1040 479 1114 partem
508 1035 676 1094 affectabat
702 1035 843 1108 Caesius,
874 1051 934 1094 nec
960 1051 1037 1105 non,
1064 1034 1148 1094 inter
1172 1034 1367 1112 Frugiferos,

153 1168 169 1198 «
185 1143 378 1222 phoneticae
402 1141 646 1220 etymologiae»
670 1141 927 1201 studiosissimus
950 1141 1098 1218 quisque,
1116 1141 1205 1201 velut
1228 1139 1371 1200 Theode-

152 1251 240 1311 ricus
254 1235 396 1310 von'dem
409 1248 552 1321 Warder,
570 1249 624 1326 qui
643 1247 674 1308 id
687 1249 827 1326 primum
841 1246 1043 1324 exposcebat,
1060 1252 1096 1307 ut
1110 1265 1221 1307 omnes
1237 1247 1369 1307 inutiles

152 1358 291 1428 litterae,
301 1357 473 1434 praecipue
485 1360 710 1427 consonantes
722 1358 941 1414 extererentur
951 1353 1006 1433 (1),
1017 1358 1072 1414 aut
1084 1352 1262 1414 Guendtius
1275 1356 1370 1430 atque

153 1464 221 1540 ipse
240 1461 422 1523 ludovicus
438 1463 598 1539 princeps,
616 1461 670 1538 qui
687 1465 786 1522 totam
807 1461 1055 1540 orthographiae
1071 1462 1230 1522 rationem
1254 1461 1372 1520 adhoc

154 1574 362 1647 praeceptum
374 1568 477 1628 redire
491 1567 747 1628 arbitrabantur:
773 1592 787 1622 «
804 1570 843 1628 Ut
857 1569 1012 1644 loqueriS,
1035 1569 1137 1628 scribe
1152 1591 1179 1627 ».
1203 1569 1290 1628 Hanc
1307 1567 1374 1645 opi·

154 1676 299 1748 nionem,
316 1678 352 1735 ut
375 1680 490 1735 notum
506 1679 563 1748 est,
581 1674 723 1734 vicissim
748 1674 975 1751 Klopstockius
999 1678 1029 1734 et
1049 1658 1245 1753 lidelungius
1264 1673 1373 1735 1111111ο

155 1782 286 1842 saeculo
303 1797 425 1854 rursus,
441 1798 508 1840 non
530 1780 674 1840 feliciore
694 1780 825 1858 quidem
844 1784 971 1853 eventu,
988 1781 1130 1842 refovere
1154 1781 1259 1841 conati
1286 1784 1371 1854 sunt,

154 1906 195 1949 ne
210 1887 252 1947 ad
275 1887 453 1947 recentiora
476 1887 649 1946 novissime
675 1885 785 1947 eadem
815 1891 846 1946 et
865 1885 999 1947 audacia
1022 1892 1054 1947 et
1075 1888 1229 1947 inanitate
1251 1891 1372 1948 tentata

155 1995 401 2057 descendamus.

196 2104 282 2162 Haec
303 2119 384 2161 vana
401 2101 516 2161 iterum
539 2101 712 2160 Morhoiius
732 2099 820 2160 haud
840 2117 933 2178 aegre
955 2099 1073 2160 refellit
1099 2104 1130 2161 et
1156 2100 1195 2161 ad
1216 2102 1373 2179 pessimas

157 2209 294 2286 ineptias
304 2208 484 2267 necessario
497 2205 627 2266 tendere
638 2205 849 2279 demonstrat;
868 2207 1003 2266 confusa
1017 2207 1103 2267 enim
1117 2208 1238 2280 omnia,
1252 2208 1373 2268 nedum

157 2313 316 2392 expedita,
333 2312 407 2373 inde
421 2314 543 2373 tierent.
567 2315 722 2391 Namque,
744 2317 779 2372 ut
795 2313 981 2390 loqueretur
997 2313 1145 2390 quisque,
1171 2314 1215 2373 ita
1231 2314 1373 2373 scribens

158 2425 275 2482 cuncta
291 2420 430 2479 sermoni
453 2437 510 2480 suo
524 2419 711 2497 peculiaria,
724 2419 822 2478 immo
842 2420 907 2478 oris
926 2419 976 2478 sui
991 2419 1078 2491 vitia,
1091 2418 1214 2479 calamo
1226 2418 1376 2498 depinge-

158 2530 215 2587 ret.
240 2527 330 2587 Certe
355 2527 415 2586 hac
432 2527 601 2586 effrenatae
624 2526 781 2603 cujusque
803 2525 930 2585 libidini
953 2543 1104 2586 concessa
1122 2531 1278 2605 potestate
1299 2546 1375 2588 mox

158 2637 429 2710 corrumperetur,
453 2636 508 2691 aut
541 2631 650 2709 potius
676 2631 916 2709 extingueretur
938 2631 1070 2708 politior
1093 2633 1213 2712 lingua,
1242 2651 1279 2693 ac
1311 2635 1374 2694 cito

159 2745 363 2818 rumperetur
378 2739 460 2799 exile
483 2738 564 2799 illud
583 2738 761 2811 vinculum,
786 2755 849 2816 quo
867 2738 1025 2798 hactenus
1047 2738 1081 2797 in
1099 2739 1267 2800 Germania
1289 2738 1374 2800 docti

158 2847 215 2906 viri
232 2847 287 2905 vix
301 2845 384 2905 inter
395 2863 428 2904 se
444 2845 695 2922 conjunguntur.

196 2950 474 3025 Quemadmodum
506 2951 590 3011 enim
618 2950 814 3012 diversarum
845 2952 1032 3013 Germaniae
1057 2954 1223 3032 regionum
1249 2954 1375 3016 incolae

158 3058 235 3119 adeo
250 3057 460 3118 dissimilibus
479 3057 544 3134 jam
570 3061 708 3117 utuntur
727 3057 884 3131 dialectis,
913 3064 949 3118 ut
972 3059 1118 3137 ejusdem
1144 3062 1265 3138 patriae
1289 3062 1374 3122 cives

158 3165 285 3244 saepius
301 3164 356 3224 alii
372 3164 410 3222 ab
427 3163 498 3223 aliis
520 3180 586 3223 non
607 3162 669 3222 nisi
690 3181 782 3242 aegre
805 3165 1038 3243 intelligantur,
1063 3167 1143 3244 quin
1165 3167 1260 3226 etiam
1277 3168 1375 3228 inter-

158 3272 234 3333 dum
260 3270 392 3331 omnino
416 3269 557 3330 diversas
581 3269 709 3348 linguas
735 3273 889 3349 usurpare
913 3271 1093 3346 videantur,
1117 3274 1160 3333 ita
1185 3273 1279 3334 facile
1303 3293 1375 3336 eve-

157 3381 242 3440 niret
262 3382 299 3439 ut
321 3378 413 3436 nulla
437 3394 510 3436 mox
524 3381 682 3454 perstaret
698 3376 781 3436 inter
798 3378 883 3437 viros
903 3377 1013 3438 doctos
1028 3378 1208 3439 communis
1221 3381 1374 3458 loquendi

155 3504 280 3559 norma,
297 3485 443 3545 omnium
458 3484 652 3544 commercio
669 3487 776 3543 tamen
795 3485 987 3558 necessaria,
1008 3483 1063 3545 sed
1083 3490 1131 3545 tot
1150 3486 1311 3546 orirentur
1331 3486 1376 3546 di-

157 3593 251 3656 cendi
269 3597 300 3653 et
328 3590 487 3652 scribendi
515 3591 666 3663 rationes,
696 3593 775 3667 quot
802 3591 997 3652 invalescere
1027 3596 1159 3669 possent
1185 3593 1218 3651 in
1247 3610 1374 3670 quaque

156 3703 288 3782 regione
308 3699 435 3760 dialecti
459 3699 508 3758 vel
525 3699 558 3757 in
582 3697 681 3776 vulgo
702 3701 870 3775 corruptae
889 3714 1003 3758 vocum
1024 3699 1315 3776 pronuntiationes,
1333 3702 1374 3761 ob

158 3808 417 3885 uniuscujusque
443 3804 607 3865 licentiam
634 3805 782 3882 proximo
809 3805 926 3882 cuique
950 3806 1174 3883 perobscurae.
1201 3807 1277 3867 lude
1301 3826 1375 3886 pos-

157 3922 260 3977 tremo
283 3913 411 3973 dialecti
436 3928 551 3971 omnes
576 3911 815 3984 reviviscerent,
842 3929 979 3988 quarum
1005 3913 1181 3972 nonnullae
1211 3913 1255 3973 ita
1278 3915 1374 3976 rudes

158 4027 254 4102 atque
276 4021 430 4080 informes
456 4023 542 4092 sunt,
564 4022 600 4078 ut
624 4035 792 4096 nunquam
817 4017 914 4078 liceat
941 4019 1006 4078 illis
1031 4019 1201 4097 inscripta
1230 4022 1374 4084 oratione

158 4129 263 4192 ullum
293 4125 467 4188 concedere
495 4126 614 4187 locum.
641 4125 814 4185 llorhollus
843 4125 952 4204 igitur,
984 4125 1101 4187 Baconi
1135 4144 1295 4204 assensus,
1323 4129 1374 4194 his

159 4233 331 4302 britannici
344 4232 530 4315 philosophi
554 4232 659 4294 verbis
681 4235 832 4313 perorat:
856 4254 870 4289 u
885 4232 943 4294 Illa
967 4232 1109 4314 scriptio,
1133 4249 1214 4316 quae
1235 4235 1373 4303 formata

162 4490 901 4515 W

192 4675 229 4764 tl>
247 4675 356 4752 tratas,
374 4677 420 4741 tlt
434 4687 494 4760 sqqt
