3462 5452
672 665 715 682 ...
742 619 790 700 35
815 663 862 684 ..-

201 773 345 853 Namque
362 775 465 836 totum
479 771 608 854 linguae
625 776 743 834 latinae
759 775 855 835 decus
872 771 1017 852 polluere
1035 771 1214 848 videbatur,
1234 772 1292 833 etsi
1306 770 1372 850 ipse

160 886 230 940 erat
243 882 446 958 antiquarum
465 883 642 942 litterarum
653 883 929 942 reverentissimus
944 883 1059 956 cultor,
1070 901 1143 943 cum
1155 881 1371 952 contenderet,
1416 901 1419 908 ¹

160 986 324 1046 eduobus
346 988 477 1046 omnino
502 987 635 1047 diversis
657 988 783 1049 dicendi
806 989 986 1066 generibus,
1011 1006 1092 1066 quae
1114 991 1179 1067 jam
1203 1007 1221 1048 a
1245 987 1374 1048 condita

160 1091 246 1152 Urbe
260 1110 383 1170 semper
396 1095 514 1153 Rornae
529 1099 682 1171 usurpata
697 1095 843 1167 fuissent,
859 1094 1021 1171 plebeium
1035 1113 1102 1156 non
1116 1095 1212 1156 modo
1230 1095 1372 1166 minime,

162 1203 200 1258 ut
214 1198 376 1275 plerisque
401 1198 496 1276 plane
518 1204 716 1276 compertum
735 1199 907 1272 videretur,
928 1217 985 1276 pro
1010 1201 1148 1278 quadam
1172 1202 1279 1260 minus
1294 1218 1374 1278 pura

162 1305 355 1381 cucullaque
368 1309 424 1364 aut
437 1305 471 1364 in
482 1303 549 1364 dies
564 1307 663 1383 magis
673 1323 709 1365 ac
723 1307 822 1383 magis
836 1310 985 1383 corrupta
997 1307 1115 1368 latinae
1128 1309 1257 1386 linguae
1268 1307 1373 1384 specie

162 1429 233 1471 esse
255 1411 450 1484 habendum,
476 1411 531 1472 sed
556 1413 651 1472 etiam
679 1413 781 1490 ipsam
809 1412 908 1473 luisse
929 1432 948 1472 a
971 1414 1129 1492 principio
1151 1414 1375 1492 primigeniam

162 1518 365 1595 patriamque
381 1519 523 1596 linguam
540 1518 685 1592 latinam,
703 1537 775 1578 cum
798 1521 898 1579 Roma
914 1520 1009 1579 simul
1025 1525 1132 1580 natam
1153 1524 1250 1597 atque
1273 1539 1291 1579 a
1314 1519 1375 1596 pri-

163 1625 226 1684 mis
236 1624 349 1702 populi
362 1624 496 1684 Romani
512 1625 718 1685 incunabulis
734 1626 851 1685 Romae
868 1625 1020 1685 continuo
1035 1627 1201 1699 usitatam;
1223 1627 1320 1685 immo
1335 1625 1374 1684 ab

164 1729 222 1790 illo
243 1731 370 1808 pristini
391 1734 422 1789 et
444 1731 577 1808 genuini
603 1732 758 1791 sermonis
782 1731 923 1791 indolem
950 1749 1006 1808 per
1030 1731 1231 1808 insequentia
1247 1731 1375 1790 saecula

164 1837 268 1896 multo
284 1837 411 1897 fidelius
426 1855 493 1896 esse
509 1843 676 1910 servatam,
693 1855 789 1914 quam
811 1840 849 1897 ab
864 1839 986 1898 urbana
1004 1839 1125 1916 lingua,
1147 1855 1243 1914 quam
1264 1839 1375 1898 classi-

165 1961 235 2004 cam
253 1942 394 2004 dicerent
407 1948 438 2003 et
453 1961 578 2003 summo
592 1961 652 2004 nec
668 1944 826 2004 immerito
849 1951 932 2005 certe
952 1945 1041 2005 cultu
1065 1951 1215 2005 ornarent
1237 1944 1372 2018 eruditi;

168 2069 239 2112 eam
251 2057 370 2124 tamen,
388 2051 413 2110 si
429 2050 469 2110 ad
484 2051 639 2128 originem
655 2056 789 2128 spectes,
806 2051 888 2110 nihil
902 2051 990 2111 aliud
1007 2052 1118 2124 fuisse,
1134 2052 1197 2111 nisi
1212 2052 1376 2112 facticium

166 2158 342 2236 quoddam,
358 2158 450 2234 quasi
466 2174 505 2216 ex
522 2163 616 2234 pacto
643 2162 865 2234 conventoque
888 2159 1102 2235 compositum
1120 2157 1246 2218 dicendi
1262 2177 1374 2236 genuS,

166 2269 284 2345 partim
298 2283 338 2324 ex
352 2267 421 2343 ipsa
434 2265 561 2342 plebeia
575 2264 723 2335 dialecto,
737 2265 853 2341 partim
876 2283 914 2326 ex
927 2265 1076 2324 omnibus
1090 2265 1205 2324 italicis
1221 2266 1376 2325 sermoni-

165 2377 226 2436 bus
241 2372 422 2434 vernaculis
437 2373 595 2449 paulatim
608 2373 872 2450 agglomeratum.

207 2481 270 2542 Sed
289 2481 465 2557 plurimum
482 2479 508 2538 is
522 2478 639 2539 audere
655 2477 833 2551 videbatur,
848 2479 903 2556 qui
919 2479 1106 2538 confirmare
1122 2496 1187 2538 non
1203 2477 1374 2553 dubitaret,

166 2590 205 2650 ab
222 2589 284 2648 ista
298 2587 415 2664 plebeii
432 2586 587 2646 sermonis
600 2585 714 2658 forma,
732 2603 792 2644 nec
805 2586 844 2645 ab
860 2586 982 2645 urbana
1001 2586 1122 2663 lingua,
1139 2603 1246 2645 veram
1262 2591 1293 2646 et
1306 2586 1377 2645 uni-

167 2713 238 2757 cam
254 2694 399 2754 omnium
418 2692 655 2752 romanioarum
676 2692 859 2769 linguarum
884 2692 1040 2770 originem
1055 2709 1124 2751 esse
1147 2691 1371 2768 repetendam;
1430 2697 1432 2702 '

167 2821 221 2864 eas
236 2802 334 2880 igitur
347 2801 439 2860 nullo
463 2804 556 2876 pacto
572 2816 631 2876 pro
652 2799 833 2875 corruptela
848 2797 987 2875 quadam
1009 2799 1138 2876 linguae
1153 2800 1293 2859 urbanae
1307 2815 1374 2858 esse

166 2907 330 2970 habendas
347 2911 395 2986 tut
408 2907 473 2966 lere
489 2906 638 2965 omnibus
652 2912 730 2965 tunc
743 2903 921 2978 videbatur,
940 2905 995 2981 qui
1019 2922 1071 2964 eas
1091 2906 1203 2964 saltem
1223 2923 1240 2964 a
1263 2904 1375 2981 latin0,

166 3035 233 3078 uon
247 3014 430 3094 germanico
446 3017 502 3073 aut
512 3013 626 3072 celtico
637 3012 724 3072 tonte
735 3011 928 3071 hauriendas
938 3012 1179 3088 existimarent);
1191 3012 1269 3089 quin
1280 3013 1376 3074 etiam

169 3125 262 3202 quasi
277 3122 416 3182 naturali
432 3138 538 3180 rerum
554 3118 690 3179 decursu
710 3119 837 3196 pristini
856 3118 974 3195 plebeii
991 3120 1147 3179 sermonis
1162 3121 1376 3181 necessariam

168 3231 387 3306 directamque
398 3227 673 3287 continuationem
689 3227 734 3286 eis
746 3227 864 3299 inesse;
879 3226 965 3286 istud
980 3227 1066 3286 enim
1079 3227 1239 3304 plebeium
1251 3226 1377 3289 dicendi

169 3357 281 3420 genus,
293 3336 558 3396 transformatum
572 3333 701 3412 quidem
717 3335 908 3411 saepiusque
932 3333 1157 3407 deformatum,
1183 3333 1237 3394 sed
1253 3352 1378 3412 semper

170 3449 265 3507 vivax
279 3449 310 3504 et
323 3443 508 3521 persistens,
531 3441 621 3501 nulla
644 3442 876 3519 interruptione
897 3440 1046 3514 admissa,
1073 3441 1106 3500 in
1121 3442 1299 3502 romanicae
1314 3443 1378 3502 lin·

169 3575 247 3636 guas
263 3554 406 3632 legitima
430 3550 659 3628 propagatione
681 3567 748 3608 esse
771 3553 1006 3627 perpetuatum,
1030 3567 1102 3609 cum
1118 3555 1228 3609 contra
1243 3549 1377 3610 illustris

171 3666 227 3724 illa
242 3663 369 3722 urbana
381 3659 492 3738 lingua
503 3655 629 3736 jamdiu
644 3662 726 3716 esset
738 3657 895 3716 exstincta
915 3661 970 3715 aut
993 3656 1046 3715 vix
1065 3674 1152 3716 nunc
1164 3657 1217 3733 pio
1234 3657 1377 3734 ipsorum

171 3773 434 3850 degeneratorum
450 3764 658 3826 humanitatis
673 3767 866 3825 sectatorum
880 3764 970 3824 cultu
983 3763 1113 3824 vireret.

212 3882 278 3940 Nec
293 3876 369 3936 satis
386 3875 482 3934 habet
505 3872 605 3945 illam,
620 3875 656 3931 ut
670 3887 798 3945 novam,
822 3871 866 3931 ita
887 3874 1008 3932 rectam
1023 3887 1059 3930 ac
1075 3869 1243 3949 diligenter
1258 3868 1380 3950 exposi-

172 3995 237 4051 tam
252 3984 440 4065 opinionem
455 3980 571 4060 amplis
587 3973 779 4058 quibusdam
795 3982 825 4039 et
834 3995 948 4057 parum
962 3976 1100 4038 definitis
1113 3977 1272 4053 formalia,
1293 3979 1381 4040 Leib·

172 4099 297 4162 nitiano
313 4110 412 4165 more,
429 4092 463 4150 in
477 4087 582 4151 medio
599 4088 744 4167 posuisse
754 4105 761 4161 ;
773 4085 828 4147 sed
843 4103 925 4165 quae
938 4090 1107 4159 asseverat,
1125 4103 1161 4147 ea
1169 4087 1276 4148 statim
1287 4085 1382 4150 certis

178 4203 332 4283 exemplis
345 4201 507 4277 firmisque
521 4195 717 4276 argumentis
731 4195 856 4275 probat,
871 4211 887 4254 e
910 4192 1138 4272 francogallica
1158 4195 1268 4273 lingua
1282 4193 1382 4274 potis·

177 4319 295 4380 simum
308 4309 515 4390 depromptis,
533 4324 628 4384 quam
645 4309 675 4366 et
688 4303 806 4382 potiori
826 4301 931 4365 studio
951 4303 1102 4381 prosequi
1128 4307 1157 4364 et
1180 4320 1255 4382 prae
1270 4305 1382 4364 ceteris

176 4421 348 4488 romanicis
364 4415 695 4479 sermonibus'callere
710 4413 845 4474 videtur.

210 4535 269 4598 Ubi
293 4531 379 4593 enim
400 4545 437 4589 eo
460 4527 528 4607 jam
549 4523 636 4585 venit
657 4527 692 4583 ut
712 4527 861 4601 exponat,
885 4534 948 4601 qua
964 4521 1119 4584 continua
1131 4519 1254 4584 ratione
1271 4523 1301 4584 et
1317 4535 1380 4600 quo

173 4640 297 4710 diverso
308 4647 414 4701 tamen
428 4634 523 4696 modo
536 4631 699 4693 vernaculi
709 4631 865 4692 sermonis
874 4631 966 4692 latini
979 4647 1072 4691 voces
1083 4625 1237 4712 gradatim
1249 4629 1380 4692 inllexaa
