3462 5452
747 690 786 698 --
814 669 860 716 Xll
890 688 930 698 -

230 815 360 900 animo,
382 837 452 909 quo
477 811 672 883 leibnitius
695 813 903 908 opusculum
939 813 1232 909 Uncorpreislicde
1251 813 1437 887 Gedcnlccn

229 945 451 1042 inscriptum,
472 945 673 1033 coniecerit,
699 953 735 1015 ut
750 944 890 1039 linguae
908 944 1130 1038 germanicae
1144 947 1226 1042 jura
1251 952 1435 1040 repeteret,

229 1087 348 1176 atque,
384 1077 598 1150 enumeratis
632 1102 674 1148 ex
705 1077 828 1149 ordine
850 1084 883 1149 et
915 1077 1109 1149 aestimatis
1142 1077 1320 1165 omnibns,
1347 1102 1463 1174 quae.

224 1216 298 1312 jam
322 1209 642 1308 essentproposita‚
666 1209 836 1299 consiliis,
851 1210 937 1306 quid
956 1209 1022 1282 sibi
1042 1210 1076 1281 in
1096 1220 1276 1306 posterum
1299 1210 1439 1282 videre-

229 1355 284 1419 tur
301 1345 507 1419 tentandum
547 1343 730 1414 indicaret.
766 1343 948 1415 Materiam
984 1351 1100 1416 autern
1133 1350 1228 1416 tanta
1252 1343 1437 1416 sedulitate

228 1480 418 1576 congessit,
435 1477 575 1573 singula
593 1478 662 1548 huc
692 1477 902 1574 pertinentia
924 1477 972 1549 ita
996 1478 1136 1574 penitus
1174 1479 1380 1575 introspexit
1399 1504 1439 1550 ac

227 1613 306 1685 fuse
333 1611 512 1708 explicuit,
535 1618 571 1682 ut
598 1610 774 1707 quidquid
794 1610 901 1682 studii
923 1617 956 1682 et
976 1611 1106 1683 laboris
1126 1636 1239 1708 usque
1263 1611 1306 1682 ad
1341 1609 1437 1683 illam

228 1753 377 1819 aetatem
399 1744 621 1842 inquirendis
647 1743 779 1838 linguis
810 1751 903 1815 esset
933 1743 1149 1840 impensum,
1182 1745 1216 1816 in
1241 1746 1317 1842 ejus
1349 1744 1438 1817 libro

226 1879 335 1976 probe
376 1878 574 1966 collectum,
618 1877 777 1949 ordinate
805 1875 1031 1972 dispositum,
1066 1884 1158 1950 recte
1202 1877 1436 1974 ponderatum

227 2011 399 2084 invenias.

277 2143 377 2232 Quod
390 2141 475 2213 satis
490 2142 629 2213 docebit
641 2141 759 2213 brevis
774 2140 879 2212 totius
897 2141 1013 2236 operis
1032 2149 1259 2238 conspectus:
1277 2143 1312 2215 in
1325 2144 1438 2240 prima

225 2284 337 2376 parte,
358 2276 402 2347 de
426 2275 567 2369 linguae
595 2275 818 2369 germanicae
849 2273 1018 2369 dignitate
1046 2282 1079 2347 et
1115 2275 1322 2373 antiquitate
1352 2278 1437 2349 dum

226 2418 347 2484 contra
364 2418 498 2482 ceteros
517 2430 698 2478 sermones
718 2406 887 2502 disputat,
908 2407 950 2478 ad
967 2406 1001 2478 id
1020 2408 1122 2504 quasi
1144 2409 1233 2481 ultro
1251 2410 1437 2483 adducitur

226 2545 387 2640 scriptor,
404 2548 441 2613 ut
473 2563 719 2638 quaecumque
752 2546 854 2611 antea
877 2540 920 2611 de
951 2539 1152 2634 linguarum
1187 2549 1264 2614 ortu
1298 2550 1331 2615 et
1356 2568 1437 2640 pro-

224 2702 363 2776 gressu,
397 2674 513 2747 indole
549 2680 582 2744 et
612 2672 797 2768 partitione
832 2680 950 2744 essent
988 2673 1023 2743 in
1062 2673 1220 2745 medium
1259 2683 1435 2748 vocataex

227 2811 350 2885 ordine
367 2812 549 2880 recenseat
565 2811 599 2876 et
616 2804 787 2902 dijudicet
801 2829 807 2892 ;
822 2830 892 2901 quo
916 2804 1062 2901 quidem
1080 2806 1197 2877 officio
1209 2807 1294 2878 dum
1309 2807 1435 2903 exqui-

225 2945 289 3017 site
308 2941 480 3038 fungitur,
506 2962 633 3010 novam
662 2938 806 3034 insuper
837 2938 964 3009 melius
999 2938 1235 3011 instituendae
1267 2941 1436 3038 etymolo-

223 3079 322 3173 gicae
337 3074 515 3148 doctrinae
531 3073 703 3144 rationem
721 3072 895 3144 subtiliter
909 3071 1041 3144 indicat
1060 3080 1093 3145 et
1127 3074 1247 3147 multis
1266 3075 1436 3172 exemplis

225 3212 354 3284 diserte
369 3208 584 3304 comprobat.
602 3207 795 3303 Postquam
811 3213 928 3278 autem
949 3206 983 3277 in
1014 3207 1170 3279 secunda
1186 3216 1283 3304 parte
1303 3233 1434 3282 novum

224 3345 329 3416 etiam
353 3367 417 3414 nec
441 3365 598 3437 unquam
632 3346 734 3411 antea
754 3346 925 3411 tentatum
942 3339 1118 3436 inceptum
1153 3342 1298 3414 adortus
1315 3349 1368 3415 est
1387 3348 1433 3431 et,

224 3478 320 3550 brevi
346 3475 505 3547 omnium
524 3472 759 3545 recentiorum
776 3472 977 3568 linguarum
996 3479 1029 3545 et
1060 3473 1270 3570 scriptorum
1289 3474 1436 3548 historia

223 3611 446 3698 adumbrata,
471 3606 625 3700 ostendit
656 3613 742 3702 quot
767 3613 801 3677 et
826 3613 959 3703 quanta
977 3605 1058 3678 inde
1080 3607 1124 3679 ad
1151 3608 1335 3680 rectiorem
1354 3633 1435 3705 ger-

223 3743 381 3815 manicae
399 3741 554 3836 linguae,
586 3738 704 3835 poesis
722 3746 755 3811 et
778 3738 998 3835 eloquentiae
1019 3740 1275 3813 institutionem
1307 3741 1435 3815 idonea

223 3873 302 3945 elici
336 3878 493 3970 possent,
518 3871 552 3941 in
584 3870 685 3942 tertia
716 3871 858 3942 tandem
893 3877 990 3967 parte
1024 3872 1130 3945 totius
1158 3873 1288 3946 laboris
1331 3883 1434 3974 caput

224 4006 428 4102 aggreditur
449 4011 482 4076 et
497 4027 619 4076 omnes
639 4011 882 4076 controversas
905 4004 1171 4102 pendentesque
1199 4007 1259 4080 illc
1278 4016 1433 4107 tempore

222 4138 448 4236 quaestiones
475 4136 518 4208 de
545 4135 686 4231 linguae
711 4136 933 4231 germanicae
971 4137 1214 4231 grammatica,
1251 4142 1433 4237 orthogra-

223 4271 319 4369 phia,
339 4268 564 4367 etymologia,
596 4268 732 4365 syntaxi
756 4268 923 4364 deinceps
945 4275 1134 4364 pertractat
1160 4272 1431 4370 conspicuisque

222 4401 589 4476 animadversionibus
634 4401 811 4490 illustrat;
846 4401 986 4491 dehinc,
1020 4402 1054 4473 in
1088 4402 1132 4474 iis
1160 4430 1250 4501 quae
1285 4407 1329 4477 ad
1357 4431 1430 4479 rem

220 4537 402 4610 metricam
433 4542 465 4606 et
486 4542 595 4606 artem
613 4532 785 4629 poeticam
818 4539 975 4630 spectant
994 4533 1098 4630 paulo
1117 4535 1250 4607 diutius
1275 4560 1430 4612 commo-
