3462 5452
762 632 926 706 ι-3-

232 781 380 864 cepisset,
395 803 432 846 eo
448 779 605 845 adductus
618 785 676 858 est,
692 787 727 844 ut
749 784 892 863 singulas
906 780 1121 862 quaestiones,
1137 797 1217 860 quae
1234 777 1319 861 apud
1334 795 1448 860 aequa-

234 896 278 954 les
300 895 436 972 gratiam
456 893 588 971 adeptae
607 897 723 964 essent,
751 892 862 952 ordine
892 896 1080 965 recenseret,
1101 895 1196 967 atque
1225 890 1384 967 imprimis
1409 889 1447 948 de

233 1000 295 1060 hoc
315 999 514 1078 praejudicio
537 1003 697 1071 tractaret,
715 1016 779 1075 quo
800 1015 963 1057 sermones
986 996 1172 1069 HebraicuS,
1201 1000 1232 1055 et
1253 995 1403 1067 Graecus,
1417 999 1449 1054 et

232 1107 363 1166 Latinus
373 1107 548 1183 primatum
562 1104 736 1182 quemdam
747 1104 865 1182 injuria
878 1102 1076 1162 obtinebant.

274 1212 549 1297 Existimationem
585 1212 742 1270 sermonis
771 1209 913 1270 hebraici
944 1209 1087 1286 primum
1120 1211 1295 1280 atterreret,
1331 1206 1447 1266 dehinc

232 1336 382 1395 graecam
406 1336 442 1377 ac
472 1318 606 1377 latinam
634 1317 761 1394 linguas
786 1315 824 1376 de
851 1317 921 1376 loco
946 1319 1091 1374 moveret
1116 1315 1289 1374 Morholins
1317 1331 1447 1374 necesse

234 1429 311 1497 erat,
327 1425 518 1503 priusquam
532 1441 589 1483 sua
603 1424 635 1482 in
644 1424 719 1500 jura
731 1423 949 1500 germanicam
964 1423 1145 1482 restitueret
1160 1421 1253 1499 eique
1265 1421 1447 1499 legitimum

234 1527 344 1590 locum
359 1531 392 1588 iii
407 1530 593 1590 liberalibus
609 1529 787 1607 disciplinis
800 1527 956 1589 redderet.
967 1527 1047 1588 Cum
1062 1527 1206 1605 quaestio
1222 1532 1289 1587 tam
1300 1526 1448 1586 distincte

234 1635 429 1708 deliniretur,
446 1640 595 1695 nouerat
620 1635 706 1713 quod
721 1634 991 1713 philosophorum
1012 1632 1245 1711 disputationes
1272 1633 1449 1693 intercede-

233 1747 314 1814 rent,
331 1760 379 1814 ac,
394 1743 419 1800 si
437 1741 597 1818 quaedam
617 1741 790 1800 Morhosius
804 1742 837 1799 in
855 1738 1090 1820 rolpotonem,
1118 1740 1173 1816 qui
1198 1740 1341 1817 profecto
1368 1739 1449 1799 liber

233 1849 440 1924 reconditiori
454 1849 644 1926 disciplinae
661 1849 765 1926 aptior
780 1853 858 1920 erat,
877 1846 1039 1906 interdum
1053 1845 1203 1919 admittit,
1217 1851 1273 1905 aut
1293 1847 1449 1906 Cartesia-

233 1974 295 2015 nus
316 1957 524 2033 Claubergius
541 1958 584 2033 (t)
599 1956 702 2015 rarius
717 1955 849 2032 profert,
866 1953 948 2012 nihil
965 1952 1039 2013 inde
1055 1953 1095 2012 ad
1108 1953 1214 2013 studia
1226 1952 1446 2030 promovenda

234 2063 386 2122 ellectum
401 2067 459 2122 est.

273 2169 382 2245 ltaque
398 2169 431 2228 in
445 2186 483 2228 eo
499 2168 592 2240 libro,
606 2169 662 2245 qui
680 2165 856 2228 Ueterricht
871 2167 1044 2244 inscriptus
1054 2171 1101 2226 est
1113 2169 1169 2245 (⁶2),
1180 2167 1353 2226 Morhofius
1365 2166 1447 2225 nihil

233 2276 319 2335 ultra
332 2276 534 2352 propositum
547 2279 648 2350 curat,
659 2292 724 2334 non
739 2275 854 2333 altiora
865 2275 1019 2350 sequitur,
1035 2272 1261 2333 tantummodo
1276 2273 1314 2333 de
1330 2272 1449 2332 tuenda

234 2383 410 2460 germanici
427 2382 584 2441 sermonis
600 2399 697 2441 cansa
718 2381 846 2458 cogitat.
874 2381 916 2440 De
941 2381 1063 2457 origine
1088 2382 1272 2458 linguarum
1291 2399 1394 2458 pauca
1417 2381 1450 2440 in

233 2486 442 2569 Polyhistore,
457 2489 611 2566 pauciora
626 2489 659 2548 in
671 2487 882 2547 Institutione.
900 2489 969 2547 Non
984 2488 1155 2548 llorhofius
1172 2506 1218 2562 ea,
1236 2507 1318 2566 quae
1335 2487 1449 2549 Schot-

233 2595 340 2667 teliuS,
356 2599 509 2654 assereret
526 2613 531 2654 :
551 2618 565 2649 «
581 2595 635 2654 Die
651 2600 809 2673 grosseste
825 2594 892 2655 und
913 2595 1118 2654 vornehmste
1138 2596 1235 2668 Gabe,
1250 2595 1371 2654 welche
1397 2595 1447 2655 die

232 2702 430 2761 Allweisheit
444 2701 498 2760 des
523 2701 680 2761 hochsten
701 2702 809 2762 Gottes
832 2701 906 2760 dein
929 2700 1111 2773 Mensclien,
1135 2719 1193 2760 zur
1217 2703 1392 2779 Ersetzung
1413 2720 1447 2761 so

233 2807 441 2886 niaiicherley
455 2807 582 2880 Elends,
599 2809 762 2886 Uiigliicks
777 2808 842 2867 und
865 2808 1069 2886 Nichtiglieit,
1095 2809 1247 2886 gegeben,
1263 2807 1367 2868 werde
1392 2808 1448 2868 der

233 2915 400 2976 Gebiauch
413 2914 467 2974 des
482 2915 742 2975 veriii'initlichen
751 2915 940 2976 Verstandcs
949 2913 1015 2974 und
1024 2913 1197 2974 soaderticli
1209 2913 1258 2974 (119
1272 2913 1377 2974 119919»
1391 2916 1444 2994 (3).

233 3025 301 3083 Hoc
326 3022 553 3082 animadvertit
576 3028 701 3082 tantum
720 3041 727 3082 :
746 3047 759 3077 i
784 3023 958 3083 Videbatur
973 3022 1052 3082 haec
1067 3023 1209 3082 hominis
1228 3024 1449 3101 praerogativa

233 3131 324 3202 tanti,
343 3135 378 3189 ut
399 3130 510 3190 multis
535 3131 710 3190 Gentilium
733 3149 750 3189 a
773 3131 837 3189 Deo
854 3135 923 3190 orta
938 3130 1138 3202 crederetur;
1156 3130 1208 3190 cui
1232 3130 1364 3207 quidem
1380 3131 1448 3208 opi-

235 3238 730 3298 91991(11111911991991911991199
744 3255 989 3315 accessere,quo
1004 3239 1121 3297 certius
1136 3239 1333 3314 eScripturis
1348 3239 1449 3297 Deum

234 3363 309 3405 cuin
324 3344 445 3404 hdamo
465 3345 701 3404 collocutum...
721 3346 921 3404 sciverant».
941 3346 1058 3404 Verum
1079 3362 1213 3422 propere
1229 3343 1329 3417 addit,
1344 3363 1448 3421 neque

235 3470 347 3514 omnes
362 3452 501 3512 Gentiles
524 3469 627 3529 neque
642 3452 839 3511 Christianos
852 3451 890 3510 de
906 3450 965 3511 hac
986 3469 1019 3511 19
1042 3452 1255 3525 consensisse,
1273 3456 1307 3511 ut
1330 3452 1449 3511 suerint

235 3564 341 3622 Patres
357 3560 527 3632 Ecclesiae,
543 3561 596 3637 qui
616 3561 678 3618 tale
693 3577 813 3619 miiiiiis
832 3558 958 3618 divinae
974 3559 1134 3636 majestati
1150 3576 1357 3636 nequaquam
1373 3576 1449 3618 cori-

235 3674 425 3730 sentaneum
447 3671 608 3746 putarent,
626 3668 756 3728 immo«
775 3668 838 3727 Deo
857 3666 1027 3746 indignum
1041 3668 1262 3728 existimarent
1283 3668 1316 3727 iri
1338 3669 1449 3728 Grani·

234 3777 427 3840 maticorum
448 3776 539 3855 quasi
555 3791 690 3836 censum
715 3773 851 3853 deprimi
879 3780 909 3836 et
937 3775 1082 3854 linguam
1110 3774 1258 3836 homines
1281 3773 1448 3838 edocuisse

267 4078 300 4147 (i)
320 4077 438 4150 Exempli
465 4085 551 4149 gratia
575 4079 701 4134 afferatur
716 4085 791 4134 99119
820 4085 964 4149 propositio
985 4083 1043 4149 ejus
1072 4083 1141 4146 iibri,
1165 4087 1206 4138 cui
1235 4059 1327 4136 1119199
1342 4088 1382 4136 991
1401 4084 1450 4136 Ara

233 4179 413 4246 Btpmolopi'co
430 4179 566 4230 Teutonum
580 4194 586 4228 ι
605 4197 617 4227 ii
633 4186 652 4230 Α
667 4180 837 4231 sensibilibus
853 4182 885 4232 ad
903 4183 1078 4247 intelligibilia
1093 4197 1173 4248 quam
1191 4185 1305 4250 plurima
1321 4183 1449 4235 vocabula

234 4281 296 4327 suut
315 4279 437 4329 traducta
452 4295 475 4325 ii.
500 4276 537 4327 ci.
562 4277 680 4328 bloiliolii
698 4277 855 4338 Uiiteiri'alit,
883 4291 908 4344 p.
932 4280 989 4329 iat.
1016 4281 1052 4330 De
1075 4279 1450 4346 (1999991991191991991919(

235 4369 429 4424 sincinnium.

266 4467 304 4529 (2)
331 4469 414 4532 Quem
436 4468 632 4522 commoditatis
656 4479 738 4522 causa
762 4472 786 4522 iii
809 4469 857 4525 hac
876 4469 1061 4526 dissertatione
1089 4473 1287 4526 «institution
1315 4469 1449 4543 appellati

235 4565 333 4622 licebit.

270 4667 307 4744 13)
325 4663 508 4738 Autsillirlitlie
522 4660 621 4732 arieti,
638 4665 679 4720 ti.
