3462 5452
861 589 978 658 -38
1009 625 1048 638 -·

350 739 419 800 Non
434 737 527 798 modo
542 738 625 798 oraim
642 740 814 800 llorholrus
832 739 869 800 de
886 740 954 800 istis
979 739 1174 802 loramentis
1197 742 1306 816 utpote
1335 737 1555 815 antiquissimo

349 851 478 906 nostrae
492 845 621 924 linguae
634 847 818 906 testimonio
834 846 915 906 idem
933 848 1028 926 plane
1041 845 1200 924 Judicium
1224 847 1310 920 lacit,
1339 846 1426 923 quod
1451 850 1558 923 postea

350 953 434 1031 apud
449 953 642 1013 Leibnitium
659 953 912 1014 iisdemomnino
928 953 1031 1013 verbis
1042 953 1139 1013 semel
1150 957 1244 1030 atque
1262 953 1376 1014 iterum
1392 953 1557 1031 repetitum

350 1061 505 1134 invenias;
520 1061 575 1121 sed
591 1079 693 1138 usque
710 1062 890 1122 inerrorem
907 1060 1069 1120 concurrit
1083 1060 1250 1137 utriusque
1273 1060 1395 1138 opinio,
1412 1076 1486 1119 cum
1495 1060 1560 1137 jam

349 1168 523 1228 Morhotius
532 1185 570 1228 ea
584 1167 775 1246 provinciali
787 1167 897 1245 lingua
912 1168 1092 1244 conscripta
1105 1167 1299 1244 reputaverit
1308 1166 1360 1246 (1).

389 1276 464 1336 lnde
481 1276 593 1336 abhoc
617 1280 760 1354 tempore
780 1274 952 1334 llorhoflus
967 1275 1091 1334 tertiam
1120 1274 1248 1352 linguae
1269 1278 1396 1334 nostrae
1427 1277 1560 1334 aetatem

348 1389 507 1453 numerat,
525 1401 588 1460 qua
600 1380 729 1442 tandem
744 1398 802 1441 suo
818 1381 889 1458 jure
904 1380 1009 1440 vivere
1019 1397 1056 1440 ac
1066 1380 1204 1458 propriis
1218 1380 1340 1441 viribus
1365 1397 1507 1440 crescere
1533 1383 1562 1440 et

350 1490 533 1550 adolescere
557 1489 699 1566 coeperit,
734 1487 869 1566 posthac
902 1486 1125 1546 tantummodo
1154 1503 1211 1564 per
1246 1486 1414 1546 intervalla
1438 1485 1562 1546 vicinae

349 1597 507 1674 cujusque
520 1596 661 1672 linguae,
685 1594 871 1672 praesertim
902 1593 1040 1664 italicae,
1067 1592 1259 1652 commercio
1287 1597 1317 1652 et
1343 1591 1560 1652 insinuatione

348 1703 461 1764 leviter
473 1703 588 1762 intlexa
608 1705 664 1762 aut
677 1700 775 1760 ditata
790 1697 845 1778 (⁶2).

389 1810 466 1868 Eam
480 1811 585 1868 autem
599 1807 648 1868 vel
662 1807 715 1866 vix
739 1809 859 1877 natam,
877 1805 926 1865 vel
954 1803 1227 1884 grandescentem,
1244 1805 1294 1865 vel
1324 1804 1364 1864 ad
1387 1821 1552 1865 summum

350 1915 515 1993 fastigium
530 1915 625 1976 XVll⁰
651 1913 779 1974 saeculo
803 1912 1001 1990 perductam,
1025 1912 1112 1972 omni
1137 1912 1232 1973 laude
1258 1912 1378 1989 ubique
1406 1914 1560 1973 cumulat.

351 2018 627 2093 Quemadmodum
644 2020 727 2079 enim
749 2020 783 2078 in
797 2017 995 2078 Institutione
1024 2019 1164 2096 primum
1189 2018 1296 2078 locum
1319 2017 1454 2096 gallicae
1476 2019 1560 2096 genti

350 2126 510 2198 concedit,
529 2126 680 2186 «welche
696 2126 860 2187 Nationan
878 2125 1091 2186 Sinnlichlreit
1104 2125 1170 2185 und
1191 2126 1336 2204 Neigung
1351 2145 1391 2186 zu
1413 2125 1470 2186 der
1485 2128 1561 2187 Poe-

358 2241 447 2313 terey
461 2234 522 2294 den
537 2233 658 2294 andern
683 2234 775 2311 billig
802 2233 1014 2293 vorzuzielien
1039 2233 1107 2291 ist»
1123 2231 1176 2311 (3),
1200 2233 1244 2292 ita
1267 2233 1411 2311 linguam
1434 2251 1561 2311 quoque

350 2343 499 2422 gallicam
510 2341 622 2402 ceteris
639 2358 656 2400 a
670 2341 770 2400 latino
784 2339 872 2400 tonte
885 2339 962 2400 ortis
978 2340 1135 2416 potiorem
1146 2339 1252 2412 habet,
1267 2339 1306 2400 de
1320 2340 1426 2418 quain
1437 2357 1561 2400 summa

352 2451 414 2510 hoo
431 2449 587 2526 optimum
601 2447 759 2526 judicium
774 2447 808 2507 in
825 2443 1018 2527 polyhistore
1031 2446 1124 2507 lacit:
1140 2446 1329 2508 Germanam
1342 2451 1378 2506 ut
1387 2446 1419 2505 in
1436 2448 1557 2520 multis,

352 2556 538 2634 praesertim
554 2555 588 2614 in
603 2554 853 2625 constructione,
869 2557 1001 2613 matrem
1017 2553 1161 2630 agnoscit
1174 2551 1230 2631 (l),
1243 2552 1287 2612 ita
1299 2556 1452 2630 sequatur
1472 2571 1558 2614 nunc

349 2679 459 2739 presso
471 2659 552 2738 pede
567 2655 688 2738 Lingua
704 2660 835 2733 Gallica,
853 2659 998 2719 omnium
1013 2663 1172 2736 quotquot
1193 2659 1318 2737 Europa
1338 2658 1436 2720 habet
1450 2660 1559 2738 vulga-

348 2769 432 2829 rium
449 2769 626 2830 cultissima
638 2767 895 2844 nitidissimaque
910 2769 1047 2844 atquae,
1064 2767 1104 2826 ob
1118 2766 1280 2844 ingentem
1291 2766 1449 2826 bonorum
1464 2765 1560 2827 libro·

350 2893 421 2937 rum
438 2875 542 2936 omnis
555 2874 680 2953 generis
698 2878 885 2952 apparatum
899 2872 1074 2951 (praetereo
1104 2872 1187 2932 enim
1210 2889 1297 2933 nunc
1324 2872 1478 2932 insertum
1490 2869 1561 2950 'ipsi

348 2984 478 3062 linguae
494 2981 779 3061 incomparabilem
792 2982 953 3055 nitorem),
968 2997 1034 3040 non
1048 2979 1142 3040 facile
1158 2996 1175 3039 a
1189 2995 1352 3056 quoquam
1368 2979 1437 3039 viro
1454 2978 1559 3053 docte,

348 3090 467 3151 nedum
480 3089 691 3168 polyhistore,
709 3087 849 3165 ignorari
863 3090 969 3164 potest
985 3109 999 3140 »
1017 3084 1070 3165 (5).

392 3201 457 3259 Nec
477 3213 546 3259 eam
571 3196 675 3257 obiter
690 3199 814 3255 tantum
835 3198 865 3254 et
880 3193 970 3272 quasi
989 3191 1152 3252 exaudito
1169 3191 1279 3252 laudat
1307 3195 1362 3252 aut
1377 3192 1564 3270 vulgaribus

349 3304 540 3384 quibusdam
563 3321 601 3363 ex
615 3300 803 3380 quotidiana
831 3300 1024 3360 allocutione
1042 3298 1177 3376 sumptis
1204 3297 1309 3357 verbis
1334 3297 1482 3372 extollit;
1507 3299 1561 3360 sed

349 3413 488 3473 multum
505 3428 541 3471 ac
555 3408 611 3469 diu
624 3409 793 3488 cogitatam
811 3406 848 3467 de
865 3424 902 3467 ea
915 3405 1117 3477 sententiam,
1131 3421 1164 3464 re
1193 3407 1359 3483 perspecta
1380 3408 1412 3464 et
1435 3406 1563 3484 cognita

355 3518 586 3597 perpensisque
599 3521 631 3577 et
646 3517 727 3577 inter
742 3532 775 3574 se
789 3513 981 3592 computatis
1007 3511 1179 3571 virtutibus
1194 3528 1233 3571 ac
1257 3510 1354 3584 vitiis,
1380 3511 1506 3589 profert
1532 3515 1562 3573 et

350 3625 567 3688 disertissimis
576 3623 772 3702 argumentis
785 3622 905 3700 ubique
919 3620 1025 3680 statim
1042 3618 1219 3678 confirmat.

389 3731 576 3794 Praesertim
592 3731 622 3791 ei
637 3731 817 3808 gratulatur
829 3726 916 3805 quod
931 3725 1073 3786 abundat
1086 3723 1202 3797 verbis,
1216 3723 1335 3801 quibus
1350 3747 1365 3780 «
1383 3724 1563 3786 abstractus

351 3839 561 3918 etgenericus
583 3841 756 3913 conceptus
774 3858 787 3888 »
818 3833 1017 3911 exprimitur,
1047 3849 1111 3908 qua
1132 3831 1277 3890 ubertate
1303 3831 1370 3908 jam
1400 3830 1499 3904 dolet,
1531 3838 1561 3894 et

349 3947 467 4026 pariter
482 3945 586 4005 doluit
601 3943 776 4004 Leibnitius
795 3944 916 4018 postea,
944 3939 1086 4016 linguam
1114 3937 1329 4014 germanicam
1352 3953 1470 4010 carere,
1488 3956 1562 4000 cum

384 4219 417 4286 tt)
438 4220 476 4270 Cf.
493 4222 564 4271 Dat..
580 4223 622 4281 Vl,
634 4235 696 4286 pars
711 4223 735 4280 2,
752 4233 779 4284 p.
796 4221 909 4268 lit-lit
921 4221 948 4268 et
960 4217 1101 4266 Nouoeanr
1115 4217 1202 4266 lisseio
1216 4212 1269 4286 (dd.
1283 4215 1381 4282 tanet),
1397 4217 1417 4276 l,
1434 4217 1492 4266 267.

384 4316 418 4382 (2)
439 4317 508 4376 blot,
525 4319 583 4366 660.

384 4408 419 4473 (3)
437 4409 513 4470 rura,
532 4412 591 4460 rai.

384 4503 418 4572 (t)
437 4505 504 4565 Quid
520 4505 552 4555 de
566 4507 617 4555 ista
630 4505 753 4569 opinione
766 4503 932 4554 sentiendum
947 4502 1002 4568 jam
1016 4514 1096 4566 supra
1108 4500 1233 4552 diximus.

384 4601 418 4668 (5)
438 4599 594 4664 Polybium,
609 4599 637 4648 T.
652 4600 671 4660 l,
688 4597 741 4648 Lib.
758 4611 792 4658 iv,
807 4611 866 4662 cap.
883 4601 906 4658 t,
924 4598 938 4661 ἐ
955 4600 996 4647 itt.
