3446 5452
618 619 833 702 -159-

607 959 757 1033 CAPUT
786 957 846 1030 lV.

123 1229 163 1276 DE
187 1230 321 1276 VETERE
352 1227 477 1276 LlNGUA
509 1226 550 1272 ET
574 1222 745 1272 DIALECTIS
771 1222 816 1270 AD
851 1221 1143 1272 LOCUPLETANDAM
1181 1219 1333 1270 LINGUAM

268 1379 505 1442 AECESSENDIS,
534 1375 596 1423 NEC
622 1375 687 1421 NON
706 1373 748 1420 DE
771 1371 1013 1422 CONCINNANDIS
1041 1372 1182 1421 LEXlClS.

161 1907 224 1967 llos
244 1909 344 1988 igitur
353 1909 541 1970 artificiosas
557 1909 729 1969 verborum
753 1926 811 1988 per
834 1908 1064 1969 derivationem
1092 1911 1148 1967 aut
1177 1903 1336 1982 composi-

129 2009 244 2074 tionem
259 2014 472 2076 creandorum
491 2014 605 2075 modos
622 2032 697 2074 cum
710 2014 882 2076 llorhofius
898 2014 948 2074 vel
976 2016 1150 2091 respueret,
1168 2011 1217 2072 vel
1238 2026 1333 2088 parce

127 2121 247 2180 mutum
264 2123 426 2194 toleraret,
438 2139 504 2181 non
519 2127 566 2181 est
584 2121 656 2181 ideo
672 2121 870 2182 censendum
885 2122 924 2180 ab
946 2138 984 2181 eo
999 2123 1149 2199 negatam
1164 2137 1233 2179 esse
1244 2135 1336 2196 prae-

130 2231 246 2288 sentem
262 2230 391 2307 linguae
408 2228 563 2306 inopiam,
592 2233 648 2288 aut
674 2227 878 2305 repudiatum
902 2245 995 2289 omne
1023 2226 1167 2305 ejusdem
1193 2225 1338 2303 locuple-

130 2332 239 2394 tandae
254 2335 437 2396 consilium.

160 2438 197 2498 ht
208 2439 290 2502 duos
299 2443 393 2520 plane
402 2441 542 2502 diversos
551 2442 654 2502 fontes
668 2442 782 2501 merito
792 2441 963 2501 arbitratur
975 2442 1029 2501 illo
1041 2458 1109 2501 sese
1123 2439 1214 2518 quasi
1226 2440 1338 2500 obvios

131 2552 304 2620 praestare,
321 2548 417 2620 unde,
432 2549 546 2625 spretis
562 2565 719 2607 novarum
743 2565 856 2607 vocum
880 2547 1160 2608 informandarum
1188 2547 1283 2624 nugis
1308 2549 1339 2606 et

133 2651 216 2711 salva
230 2655 326 2732 patrii
343 2655 499 2714 sermonis
514 2659 629 2714 natura
645 2657 675 2713 et
690 2653 809 2726 indole,
825 2655 988 2731 quaelibet
1005 2654 1177 2714 commoda
1191 2658 1222 2714 et
1246 2670 1338 2733 expe-

132 2753 192 2816 dita
213 2760 344 2840 linguae
360 2761 557 2820 incrementa
570 2759 691 2819 hauriri
701 2761 825 2838 possint
841 2779 847 2833 ;
862 2761 917 2839 qui
931 2767 966 2821 ut
981 2762 1192 2838 aperirentur,
1207 2777 1338 2820 necesse

135 2863 253 2925 tantum
279 2870 346 2925 erat
360 2865 475 2925 veteris
503 2865 632 2943 linguae
646 2864 813 2926 thesauros
835 2866 972 2926 elladere
989 2870 1020 2926 et
1045 2866 1255 2926 dialectorum
1270 2884 1337 2926 non

133 2968 234 3030 minus
245 2972 369 3048 amplas
383 2988 492 3030 eruere
508 2970 646 3031 divitias.

170 3073 438 3153 Quotiescumque
454 3077 608 3154 reliquias
627 3077 741 3137 veteris
755 3078 929 3155 germanici
945 3078 1102 3139 sermonis
1131 3081 1340 3138 memoratae

136 3189 307 3255 percenset,
324 3184 447 3243 nullam
463 3184 687 3260 praetermittit
702 3184 904 3245 occasionem
914 3184 1064 3262 antiquae
1080 3185 1207 3263 linguae
1223 3185 1289 3243 vim
1302 3201 1339 3244 ac

136 3283 238 3363 decus,
251 3291 429 3350 ubertatem
441 3294 472 3349 et
486 3291 700 3368 integritatem
711 3291 857 3365 summis,
873 3297 903 3350 at
919 3296 1002 3351 certe
1027 3291 1160 3363 meritis,
1189 3290 1339 3351 laudibus

135 3398 281 3458 extollere
296 3397 351 3478 (t),
367 3397 588 3473 hortaturque,
603 3403 638 3457 ut
649 3398 717 3475 jam
730 3397 985 3474 supradiximus,
1001 3402 1037 3457 ut
1053 3397 1247 3476 colligantur
1261 3396 1340 3457 haec

135 3507 302 3567 reverenda
313 3511 533 3576 monumenta,
546 3509 581 3564 ut
601 3508 850 3582 percenseantur
865 3509 895 3563 et
910 3509 1120 3582 excerpantur
1140 3508 1246 3563 vetera
1259 3503 1341 3581 glos-

138 3615 224 3688 saria,
241 3614 318 3692 quia
345 3613 484 3673 multum
500 3611 639 3671 fructum
663 3629 703 3670 ex
718 3611 832 3688 quovis
855 3611 1107 3687 antiquiore,vel
1136 3609 1287 3670 inchoato
1305 3627 1341 3669 ac

137 3720 203 3780 rudi
216 3722 322 3781 lexico
338 3720 483 3780 doctrina
497 3719 669 3778 verhorum
684 3718 784 3795 possit
800 3735 912 3794 capere
927 3719 982 3794 (ἓ).
995 3718 1105 3795 ltaque
1132 3735 1206 3778 cum
1228 3719 1341 3778 Henis-

137 3825 194 3886 chii
209 3827 235 3888 T
234 3828 399 3887 hesauram
413 3824 553 3905 Linquere
576 3831 603 3883 et
616 3821 796 3904 Sapientiae
812 3821 1011 3884 Germanicae
1025 3825 1145 3900 laudet,
1172 3825 1341 3901 doleatque

137 3930 346 4012 interruptum
357 3931 495 4010 pendere
506 3931 627 3991 strenui
648 3931 874 4009 diligentisque
886 3931 1025 3991 auctoris
1039 3949 1130 4008 opus,
1141 3948 1214 3992 eum
1234 3934 1342 3991 tamen

137 4039 345 4119 reprehendit,
358 4038 444 4118 quod
456 4044 560 4098 vetera
573 4039 729 4098 vocabula
741 4038 814 4116 plus
827 4055 930 4114 aequo
941 4038 1085 4097 omiserit
1095 4042 1125 4097 et
1136 4036 1207 4098 ideo
1221 4039 1341 4116 gravis-

137 4147 246 4213 simam
261 4153 292 4210 et
303 4147 509 4210 utilissimam
524 4145 642 4208 laboris
653 4149 776 4225 partem
791 4143 1009 4223 imperfectam
1024 4144 1191 4223 reliquerit
1204 4144 1259 4227 (3).

167 4461 202 4535 (t)
220 4464 257 4520 cl.
272 4478 353 4534 supra
367 4468 393 4519 et
407 4468 561 4533 praesertim
576 4463 645 4530 nnn,
662 4467 748 4519 tlt-tt.

165 4560 200 4628 (t)
220 4561 258 4620 ct.
274 4563 343 4630 lint,
361 4567 418 4623 1⁰⁰.
436 4563 546 4618 rosan
562 4566 588 4617 at
602 4565 712 4632 passim.
1123 4621 1125 4627 A

167 4664 201 4746 qt)
223 4657 292 4734 aar,
307 4660 355 4718 tot
370 4672 430 4736 sqq.
447 4681 477 4704 a
491 4659 564 4726 Quod
577 4657 642 4716 bene
663 4659 695 4715 ds
716 4654 760 4715 illo
780 4659 883 4716 censuit
896 4650 1037 4716 ttorhotlas
1058 4649 1241 4728 comprobavit
1259 4643 1337 4726 plant
