3446 5452
844 666 1058 754 -tOO-

343 822 450 907 itaque
465 819 607 890 veritatis
622 819 718 890 iidem
734 825 760 889 is
774 845 981 908 nequaquam
995 830 1134 903 laeserit,
1151 825 1206 908 qui
1221 823 1440 903 affirmaverit,
1455 819 1546 890 unius

343 935 487 996 Morhofii
503 953 562 1014 ope
583 953 650 996 esse
666 935 828 1008 effectum,
853 954 894 996 ne
912 937 1107 998 concinnum
1125 937 1212 997 hunc
1238 937 1387 997 libellum
1410 953 1547 1017 praema-

341 1046 413 1103 tura
440 1043 559 1104 oblivio
585 1043 788 1119 interciperet
817 1044 1019 1120 auctorisque
1054 1045 1241 1118 sententiae,
1278 1048 1392 1104 notatu
1423 1042 1548 1122 quidem

342 1149 560 1229 dignissimae,
587 1153 698 1230 iniquo
725 1153 853 1212 silentio
878 1153 974 1230 plane
998 1154 1338 1231 praetermitterentur.
1370 1155 1432 1213 Has
1454 1153 1546 1224 enim,

342 1259 489 1334 quamvis
505 1257 678 1330 interdum,
700 1263 735 1317 ut
754 1259 805 1317 vix
824 1259 917 1319 aliter
940 1259 1006 1319 fieri
1022 1263 1157 1336 poterat,
1174 1259 1373 1337 gravioribus
1388 1257 1549 1317 nonnullis

341 1364 500 1424 erroribus
521 1382 721 1441 conspersas,
739 1365 860 1443 ubique
875 1370 983 1425 tamen
998 1371 1086 1443 grata
1107 1365 1246 1442 quadam
1267 1366 1409 1425 novitate
1431 1370 1460 1425 et
1479 1363 1550 1424 sub·

341 1469 389 1528 tili
413 1471 537 1548 argutia
568 1469 820 1542 commendatas,
849 1489 944 1532 nemo
971 1471 1027 1530 illa
1059 1477 1171 1542 aetate,
1196 1475 1322 1549 praeter
1352 1472 1548 1541 Morhotium,

341 1577 467 1637 videtur
482 1595 538 1654 pro
555 1579 670 1638 merito
685 1578 903 1638 aestimavisse
924 1583 954 1638 ot
970 1583 1136 1638 momento
1154 1596 1211 1638 suo
1226 1578 1463 1656 ponderavisso.

382 1683 571 1755 Quinetiam
587 1684 677 1743 nullo
694 1684 769 1755 alio,
789 1684 851 1743 nisi
876 1684 1041 1757 limitatio,
1058 1685 1140 1743 viam
1166 1689 1372 1757 monstrante,
1395 1684 1434 1744 ad
1456 1684 1551 1760 respi-

342 1789 486 1848 ciendam
513 1789 583 1866 ejus
599 1787 703 1848 Artena
719 1787 968 1870 Etymotopicam
989 1790 1092 1868 ipsum
1117 1791 1308 1850 Lcibnitium
1325 1808 1393 1850 esse
1420 1789 1551 1868 perduc·

343 1900 422 1967 turn,
440 1897 549 1968 multa,
566 1896 628 1955 nisi
652 1896 806 1968 fallimur,
822 1897 1009 1956 verisimilia
1030 1897 1156 1957 docent.

383 2002 562 2080 Glaubergii
578 2002 707 2079 quidem
723 2002 949 2080 philosophiae
966 2003 1179 2076 incumbentis
1194 2005 1354 2064 rationem
1368 2022 1386 2063 a
1400 2003 1551 2063 Leibnitio

342 2108 532 2187 jamdudum
559 2112 677 2168 attente
704 2109 936 2170 consideratam
965 2114 996 2168 et
1019 2111 1139 2186 optime
1162 2112 1329 2187 probatam
1356 2110 1455 2170 fuisse
1480 2107 1551 2168 satis

344 2223 479 2291 constat,
494 2235 568 2278 cum
589 2236 655 2278 non
682 2219 780 2279 semel
801 2237 875 2278 eum
897 2223 1049 2295 tanquam
1072 2219 1287 2279 clarissimum
1305 2219 1437 2279 Cartesii
1462 2217 1553 2278 disci·

343 2327 469 2405 pulum,
492 2328 589 2386 immo
616 2326 684 2404 ipso
709 2326 848 2387 Cartesio
866 2349 880 2381 «
903 2326 1102 2385 clariorem»
1124 2326 1352 2405 philosophum
1379 2324 1553 2385 laudaverit

345 2452 381 2495 ac
409 2435 511 2494 libens
536 2434 701 2510 agnoverit
722 2437 877 2510 quantum
904 2433 973 2510 eJus
997 2457 1010 2488 α
1034 2433 1257 2511 perspicuae»
1284 2433 1493 2511 cogitationes
1514 2429 1553 2490 ad

344 2539 551 2600 illustrandas
576 2539 817 2616 philosophicas
842 2539 880 2598 de
913 2539 1042 2617 cloquio
1071 2541 1274 2617 quaestiones
1307 2539 1451 2599 conterre
1483 2555 1553 2616 pos-

346 2651 416 2706 sent
439 2644 493 2724 (t).

383 2751 526 2825 Quodam
553 2756 658 2811 aulem
685 2752 756 2811 loco
781 2751 929 2828 opusculi
957 2749 1216 2831 Unoorqreisla'clre
1239 2748 1414 2824 Gratanter,
1439 2751 1495 2810 ubi
1518 2749 1553 2809 de

345 2860 467 2920 ratione
482 2858 634 2935 disputat,
653 2875 716 2934 qua
738 2874 796 2916 sua
809 2857 925 2934 cuique
942 2857 1100 2916 vocabulo
1123 2857 1313 2935 significatio
1335 2856 1485 2934 imposita
1504 2856 1552 2926 sil,

344 2967 432 3026 hunc
450 2965 483 3023 in
504 2963 633 3023 modum
655 2963 844 3022 sententiam
865 2981 956 3022 suam
973 2963 1110 3040 explicat
1126 2980 1131 3022 :
1149 2986 1163 3018 v
1183 2962 1392 3040 Dergleiehen
1408 2960 1554 3038 Exempel

344 3071 415 3132 sind
431 3072 521 3131 nicht
535 3071 640 3148 wenig
655 3069 852 3142 vorhanden,
869 3087 904 3128 so
919 3069 1009 3129 nicht
1021 3069 1118 3129 allein
1132 3068 1188 3128 der
1203 3069 1302 3147 Dirige
1315 3071 1480 3146 Ursprung
1493 3072 1556 3128 ent-

345 3180 478 3251 declren,
500 3177 638 3238 sondern
653 3176 734 3236 auch
751 3194 790 3235 zu
805 3176 966 3236 erkennen
981 3177 1094 3255 geben,
1113 3173 1184 3234 dass
1201 3175 1251 3235 die
1263 3176 1357 3250 ,Wort
1371 3174 1462 3234 nicht
1476 3174 1554 3233 eben

345 3305 379 3347 so
395 3283 614 3345 willklihrlich
636 3281 712 3342 oder
726 3300 788 3341 von
808 3282 986 3359 ohngeiehr
1000 3281 1273 3354 herilirlrommen,
1297 3281 1343 3340 als
1366 3282 1469 3360 einige
1488 3299 1555 3341 ver·

346 3408 495 3470 meynen,
517 3390 576 3449 wie
598 3387 682 3448 denn
702 3387 807 3448 niehts
828 3387 1005 3466 ohngeiehr
1022 3388 1055 3447 in
1075 3387 1131 3447 der
1146 3388 1231 3447 Welt
1253 3388 1299 3447 als
1323 3387 1405 3447 nach
1426 3404 1555 3447 unserer

343 3496 589 3568 Unvvissenheit,
616 3513 711 3554 wenn
741 3512 801 3553 uns
829 3493 878 3554 die
902 3493 1064 3555 Ursachen
1088 3494 1274 3571 verborgen.
1295 3493 1366 3554 Und
1381 3494 1477 3553 weiln
1505 3492 1555 3552 die

344 3603 498 3665 leutsche
514 3601 653 3679 sprache
666 3619 723 3660 vor
738 3601 843 3660 vielen
859 3599 980 3661 andern
995 3599 1065 3660 dem
1086 3601 1251 3679 Ursprung
1271 3600 1338 3660 sich
1361 3619 1401 3661 zu
1425 3600 1555 3661 naehern

345 3709 500 3780 scheinet,
517 3725 551 3766 so
568 3705 639 3766 sind
655 3706 737 3766 auch
752 3704 802 3766 die
813 3705 1150 3767 Grund·Wurtzeln.in
1166 3705 1332 3767 derselbon
1345 3706 1434 3767 desto
1449 3707 1556 3766 hesser

344 3835 385 3878 zu
406 3815 578 3887 erkennen,
597 3813 701 3873 davon
725 3812 807 3872 auch
833 3812 949 3872 bereits
966 3811 1021 3873 der
1035 3812 1228 3892 tieffsinnige
1243 3813 1452 3892 Claubergius
1468 3813 1555 3873 seiue

344 3923 454 4002 eigene
468 3919 639 3982 Gedanken
652 3919 780 3999 gehabt3
794 3917 859 3978 und
872 3919 975 3979 davon
986 3923 1083 3979 etwas
1099 3919 1132 3978 in
1144 3919 1246 3979 einem
1258 3919 1388 3979 kleinen
1401 3918 1555 3980 Biichlein

345 4028 529 4108 angezeiget
545 4050 559 4082 a
573 4027 626 4104 (ᾖ).
1531 4107 1535 4112 Ι

384 4136 524 4199 Priorem
540 4133 638 4214 hujus
652 4132 828 4195 sententiae
844 4136 967 4210 partem
985 4129 1198 4194 conscribenti
1215 4129 1372 4194 Leibnitio
1387 4129 1450 4196 hoe
1464 4147 1555 4214 prae·

346 4343 807 4362 W

377 4496 412 4566 (t)
432 4492 470 4548 ul.
493 4491 563 4558 th..
579 4491 607 4548 t’.
630 4491 670 4560 Ν,
693 4505 755 4563 pars
777 4491 799 4558 t,
818 4507 843 4562 p.
864 4497 894 4559 tr
910 4497 939 4559 V,
957 4493 1013 4561 ltt',
1037 4500 1100 4564 loir
1117 4499 1158 4564 Vt,
1173 4511 1235 4568 pars
1257 4503 1280 4563 l,
1296 4513 1322 4570 p.
1340 4501 1380 4565 tt,
1404 4500 1463 4566 tlt,
1487 4500 1553 4568 altr

343 4587 484 4650 Nonarum·
497 4591 593 4654 llsaur'r,
610 4592 652 4646 ed.
667 4593 754 4654 lauet,
770 4587 790 4654 1.
809 4590 866 4645 ur.

377 4687 414 4768 tt)
433 4684 650 4766 Uarorpra'sttcte
664 4679 809 4752 parallel,
826 4682 841 4760 1
861 4685 900 4743 tt.
