3462 5452
827 657 861 672 ..
891 615 938 694 22
973 655 1008 670 ..

312 763 541 848 graecoceliico
569 768 661 828 natos
689 787 703 822 o
728 769 820 846 putat
848 764 903 848 (1),
931 769 962 830 et
987 789 1001 822 α
1020 781 1058 830 ex
1088 763 1194 839 Callis,
1225 763 1331 828 idest
1359 762 1523 828 Germanis

312 872 512 951 Gallisque...
528 873 691 937 ltaliam...
707 874 903 936 habitatores
919 874 1079 953 accepisse
1095 897 1109 930 »
1125 874 1176 953 (il.

351 983 420 1043 Non
434 987 582 1044 nostrum
598 989 655 1056 est,
671 983 754 1044 inter
769 987 815 1044 tot
830 988 861 1044 et
872 987 938 1044 tam
955 981 1117 1044 discordes
1145 981 1330 1055 sententias,
1360 999 1457 1062 quam
1485 980 1522 1043 ad

312 1092 491 1152 extremum
506 1108 614 1152 veram
629 1090 824 1168 reputaverit
836 1089 1024 1169 dijudicare.

350 1198 456 1257 Pauca
470 1195 621 1274 denique,
632 1212 713 1274 quae
730 1195 768 1257 de
784 1197 861 1274 ipsis
877 1196 998 1257 celticis
1014 1195 1216 1257 sermonibus
1231 1195 1434 1286 ailert‚plane
1450 1214 1522 1256 cum

309 1302 557 1381 iiscongruunt
586 1321 668 1380 quae
692 1303 759 1381 jam
787 1303 870 1382 apud
898 1302 1088 1362 Morhotium
1117 1302 1310 1362 invenimus
1328 1305 1409 1363 Nam
1442 1303 1521 1362 nihil

312 1408 608 1470 aliudferccertius
634 1407 800 1480 dictumst
830 1410 997 1469 Britonum
1017 1409 1211 1469 nostratium
1239 1426 1422 1470 sermonem
1450 1428 1522 1470 cum

312 1515 448 1576 Walliae
464 1520 495 1575 ct
508 1515 688 1576 Cornubiae
704 1515 849 1576 dialectis
867 1533 935 1576 esse
951 1521 1124 1594 cognatum
1142 1517 1183 1594 (3)
1200 1517 1364 1596 ;linguam
1379 1523 1523 1579 veterum

313 1623 479 1684 Gallorum
497 1622 525 1682 ei
546 1623 673 1682 allinem
689 1625 719 1682 et
734 1623 915 1700 proximam
938 1623 1049 1693 tuisse,
1066 1641 1147 1699 quae
1168 1623 1200 1682 in
1215 1623 1379 1683 Britannia
1400 1625 1522 1685 minora

313 1735 343 1789 et
359 1729 391 1788 in
405 1728 597 1806 quibusdam
622 1729 802 1789 Britanniae
821 1729 952 1806 majoris
971 1730 1116 1806 partibus
1139 1730 1277 1807 supersit
1291 1729 1344 1808 (l),
1362 1749 1422 1791 nec
1439 1733 1522 1810 ejus·

313 1835 386 1895 dem
419 1835 570 1913 reliquias
607 1854 745 1913 usquam
772 1836 873 1914 magis
910 1854 1006 1913 quam
1036 1835 1069 1894 in
1093 1834 1277 1896 Aremorica
1310 1841 1365 1896 aut
1387 1839 1522 1900 Wallica

313 1943 448 2019 spectari
463 1945 522 2018 (ii);
550 1943 720 2003 Wallicam
748 1947 855 2002 autem
881 1943 930 2002 vel
959 1943 1187 2014 Aremoricam
1215 1960 1312 2019 quam
1343 1944 1409 2022 ipse
1436 1945 1522 2005 haud

311 2048 516 2128 indiligenter
530 2050 704 2128 inspexerit
718 2051 773 2125 (6),
801 2073 815 2104 «
841 2050 982 2109 multum
996 2067 1033 2110 ex
1048 2049 1236 2110 Germanico
1251 2049 1385 2110 traxisse
1401 2049 1462 2130 (7)'‘
1494 2057 1524 2112 et

314 2179 328 2210 «
346 2155 629 2233 semi-germanam
644 2155 772 2234 agnosci
790 2178 803 2210 a
822 2157 874 2234 (8),

1211 2339 1514 2351 -η--ῇ-

346 2449 385 2510 (l)
403 2449 475 2512 Dat,
488 2452 530 2514 vi,
545 2454 593 2516 683
607 2451 641 2504 cl.
657 2453 698 2514 lV,
715 2465 777 2518 pars
791 2454 816 2512 2,
827 2465 854 2518 p.
872 2453 993 2504 lea-lei.

343 2543 384 2611 (2)
401 2542 478 2606 lbid.¹
494 2546 537 2608 IV,
551 2558 613 2611 pars
626 2548 651 2606 2,
665 2559 691 2612 p.
707 2547 771 2609 ltie;
785 2544 819 2596 cl.
836 2545 892 2595 ilat.
908 2545 982 2607 ceu,
998 2545 1013 2610 ς
1027 2547 1068 2596 lt.

344 2634 379 2703 (3)
397 2638 537 2690 Nouoecuc
552 2641 648 2702 lisseio,
661 2637 702 2692 ed.
718 2641 805 2709 tanet,
822 2641 842 2702 i,
856 2642 914 2692 aba.

347 2731 380 2794 tl)
399 2732 472 2795 Dat,
488 2735 529 2796 lV,
545 2747 608 2800 pars
622 2737 647 2798 2,
662 2747 688 2800 p.
704 2736 762 2786 195.

344 2824 379 2890 (t)
397 2825 474 2890 Ibz'd.‚
491 2827 526 2880 id.
543 2842 570 2895 p.
587 2831 645 2880 193.

344 2925 380 2992 (6)
399 2924 419 2974 Ε
436 2924 530 2975 ceteris
554 2923 588 2975 ci.
615 2923 674 2989 ejus
697 2925 825 2976 Glaesaria⁸
844 2925 938 2978 Celtici
961 2926 1102 2991 Spectmen,
1126 2929 1179 2978 sive
1203 2928 1326 2994 Capitate
1352 2929 1388 2978 cd
1410 2929 1521 2979 lexicon

314 3019 614 3070 Commo-Britannicum
637 3036 652 3071 a
676 3022 792 3072 Dcvr'est‘o
811 3025 963 3087 consectum,
991 3023 1017 3072 in
1041 3035 1094 3088 quo
1116 3022 1222 3088 quidem
1244 3023 1375 3090 cujusque
1399 3023 1521 3076 vocabuli

311 3115 452 3180 inquisitio
465 3113 498 3165 ed
513 3113 538 3165 id
559 3115 725 3180 potissimum
747 3116 840 3176 tendit,
863 3119 985 3182 utquam
1004 3116 1134 3182 plurimae
1148 3118 1256 3170 celticae
1273 3132 1350 3171 voces
1366 3119 1399 3172 ad
1415 3133 1520 3186 germa-

318 3212 405 3263 nicam
419 3210 547 3275 originem
559 3208 706 3261 reteraniur
718 3209 800 3275 ΠΜ,
815 3213 858 3273 Vi,
872 3225 933 3278 pars
947 3215 971 3274 2,
987 3227 1012 3277 p.
1030 3209 1145 3274 tillet.

345 3305 381 3372 (l)
400 3305 472 3366 Dat,
488 3306 530 3366 iv,
545 3317 607 3370 pars
620 3307 645 3367 2,
657 3319 684 3371 p.
703 3308 761 3357 19³.

345 3399 382 3469 (8)
400 3399 476 3462 litu„
491 3400 533 3462 v1,
547 3412 609 3466 pars
624 3403 648 3464 2,
664 3413 691 3466 p.
708 3403 737 3454 87
751 3403 846 3454 eires.
