3446 5452
844 591 1057 661 -178-

345 745 474 822 probat;
494 744 526 804 in
542 743 651 804 libello
666 739 924 821 Urrvorpreiflicbe
941 737 1105 800 Gedunlcco
1117 742 1158 818 (1)
1170 741 1273 800 mullo
1286 740 1413 817 parcior
1429 743 1558 818 apparel

343 855 409 932 Jam
431 851 572 913 laudatio
592 855 623 910 el
644 850 789 929 graviora
804 847 963 926 quaedam
981 851 1036 908 aut
1058 845 1280 906 desiderantur
1301 852 1357 907 aut
1376 847 1557 924 vituperan-

346 965 415 1036 tur;
434 963 467 1020 in
484 958 684 1022 Collectcocis
697 954 921 1038 Elpmotopicis
936 955 978 1033 (bl
991 952 1180 1024 tandemde
1197 971 1233 1014 ea
1247 953 1312 1014 lere
1328 953 1440 1014 iisdem
1456 954 1556 1014 verbis

346 1070 499 1148 loquitur,
521 1067 639 1146 quibus
652 1065 791 1127 lacobus
807 1063 994 1134 Grimmius
1014 1062 1068 1139 qui
1091 1079 1163 1122 eam
1187 1061 1343 1122 dicebat«
1362 1061 1557 1140 Frugiferam

344 1177 536 1237 Societatem
556 1191 623 1236 csse
646 1173 856 1240 nominatam,
881 1175 916 1230 ut
941 1170 1032 1228 lucus
1051 1186 1148 1229 anon
1174 1169 1343 1229 lucendo»
1364 1171 1418 1250 t3),
1440 1175 1472 1230 et
1491 1188 1556 1231 eam

333 1284 506 1344 'existimat
533 1299 598 1340 non
625 1280 732 1340 minus
756 1295 854 1355 quam
880 1276 1025 1354 linguam
1046 1259 1114 1336 esse
1136 1275 1322 1354 delapsam:
1347 1301 1361 1332 α
1382 1279 1424 1338 La
1443 1279 1556 1357 langue

345 1387 570 1460 allemandea
595 1403 671 1446 mon
697 1385 775 1456 avis,
793 1399 980 1442 commence
1001 1383 1018 1440 b
1040 1381 1171 1442 devenir
1186 1384 1272 1442 aussi
1289 1383 1438 1444 delabree
1453 1402 1515 1462 que
1531 1385 1557 1444 la

344 1495 462 1556 Sociale
472 1491 678 1573 fructificate,
691 1491 746 1568 qui
762 1507 780 1548 a
795 1490 886 1567 porte
899 1488 923 1546 si
940 1505 1005 1564 peu
1021 1487 1059 1546 de
1074 1487 1154 1548 fruit
1170 1513 1196 1547 υ.

386 1603 430 1661 Ex
447 1601 514 1660 istis
540 1601 621 1659 inter
641 1615 673 1656 se
699 1611 815 1674 parum
837 1592 1107 1654 concordantibus
1135 1593 1342 1670 opinionibus
1365 1595 1427 1655 hoo
1447 1598 1557 1656 sellem

345 1713 450 1786 potest
477 1704 686 1784 probabiliter
710 1702 840 1772 confici,
870 1717 963 1772 eum,
992 1699 1104 1759 multis
1130 1699 1289 1761 eruditum
1318 1703 1554 1778 experimentis,

346 1813 470 1873 tametsi
487 1830 504 1872 a
519 1811 615 1870 variis
630 1805 901 1868 instituendarum
917 1805 1106 1866 societatum
1119 1807 1262 1866 consiliis
1278 1825 1444 1884 nunquam
1464 1808 1556 1869 desti-

344 1923 392 1994 tit,
405 1919 557 1998 temporis
573 1923 680 1978 lamen
697 1915 834 1975 decursu
850 1913 889 1972 ad
901 1930 971 1972 eam
983 1913 1139 1990 paulatim
1156 1914 1345 1973 sententiam
1359 1932 1427 1974 esso
1445 1915 1557 1975 adduc

346 2033 427 2098 tum,
445 2043 543 2104 quam
553 2023 725 2084 Morholrus
738 2018 825 2080 haud
840 2037 896 2097 pcr
911 2019 1061 2097 ambages
1077 2020 1218 2096 exponit,
1235 2038 1307 2080 cum
1320 2021 1555 2092 animadvortit,

347 2135 468 2212 optimo
481 2133 565 2211 jure,
580 2126 769 2208 hujusmodi
785 2125 981 2186 Societatum
994 2125 1164 2203 plerasque
1180 2132 1364 2204 susceptum
1385 2146 1403 2187 a
1420 2145 1453 2190 se
1469 2147 1557 2190 man·

327 2227 456 2300 ¹datum
479 2236 657 2298 deseruisse
681 2233 734 2312 (4).
757 2235 820 2293 Nec
842 2233 955 2309 ipsam,
980 2233 1144 2292 cumulato
1167 2250 1363 2311 quamquam
1386 2234 1512 2307 decore,
1532 2237 1555 2295 si

347 2347 423 2406 huic
442 2343 614 2413 credimus,
638 2343 796 2411 ornatam,
818 2338 1109 2398 Franco-Gallicam
1135 2338 1338 2400 Academiam
1355 2343 1557 2420 areprehen-

347 2453 437 2512 sione
451 2449 578 2527 exeipit
593 2447 710 2525 quippe
721 2461 814 2523 quae,
823 2444 872 2503 vel
885 2445 1005 2520 optime
1017 2443 1055 2506 de
1064 2444 1300 2522 francogallicis
1309 2446 1422 2508 litteris
1435 2449 1555 2520 merita,

346 2577 383 2620 eo
401 2573 535 2618 munere
550 2552 694 2614 nondum
712 2551 821 2611 functa
836 2551 887 2622 sit,
905 2550 998 2628 cujus
1019 2567 1115 2611 causa
1136 2551 1177 2610 sit
1192 2551 1331 2625 condita,
1347 2554 1471 2614 scilicet
1482 2572 1555 2616 con-

347 2665 473 2729 lloiendi
489 2659 721 2740 Francogallici
742 2656 929 2718 Dictionarii
945 2655 999 2736 (a).

385 2775 488 2846 Quam
504 2787 577 2831 cum
600 2767 773 2828 Morhofius
789 2764 827 2824 de
843 2764 904 2823 hac
919 2781 952 2824 rc
972 2764 1040 2823 sine
1057 2764 1175 2843 injuria
1190 2765 1421 2843 reprehendere
1437 2775 1554 2846 posset,

345 2879 502 2940 Loibnitio
517 2879 638 2945 contra,
656 2876 766 2950 utpote
780 2871 947 2948 aliquanto
960 2871 1119 2947 posterius
1135 2872 1297 2946 scribenti,
1315 2874 1355 2933 ob
1371 2875 1555 2936 absolutum

345 2985 474 3046 tandem
490 2999 571 3060 opus
586 2979 717 3040 laudare
735 2978 826 3038 licuit
841 2977 895 3054 (6).
921 2977 1024 3036 Prima
1049 2978 1135 3038 enim
1156 2975 1342 3038 dictionarii
1362 2981 1460 3042 editio
1474 3001 1555 3044 anno

345 3094 423 3154 luet
446 3088 567 3167 publici
598 3085 679 3165 juris
707 3087 775 3144 erat
808 3082 911 3153 laota3
944 3083 1105 3160 simulque
1130 3084 1228 3144 Gallis
1253 3086 1406 3163 gratulari
1431 3094 1556 3166 poterat

345 3195 532 3268 leibnitius,
550 3191 604 3270 qui
622 3213 637 3244 ι(
655 3189 689 3250 in
703 3205 818 3267 genere
833 3189 1021 3248 Lexicorum
1042 3205 1153 3249 omnes
1173 3189 1253 3248 alias
1280 3191 1425 3252 nationes
1440 3193 1554 3254 vicere.

344 3309 434 3376 Nam,
456 3305 581 3380 praeter
596 3297 822 3359 Academicum
843 3299 1044 3371 receptorum
1069 3296 1101 3354 in
1121 3312 1294 3358 commune
1314 3299 1554 3372 vocabulorum,

343 3413 463 3472 habent
479 3401 686 3477 Techniouin,
715 3407 782 3464 tum
806 3401 971 3473 Fureterii
998 3405 1065 3462 tum
1088 3401 1277 3464 Academico
1297 3403 1459 3484 adjectum
1483 3408 1556 3469 Cor-

343 3517 421 3578 nelii
438 3539 452 3570 »
471 3515 524 3593 (l).
551 3510 639 3574 Unde
670 3511 786 3570 iterum
808 3508 976 3585 perspicue
1004 3511 1139 3579 constat,
1168 3509 1193 3566 si
1219 3509 1297 3570 haec
1322 3511 1424 3572 obiter
1445 3518 1555 3574 notare

376 3933 413 3994 (t)
432 3927 470 3978 cl.
488 3928 560 3990 §15,
578 3929 618 3986 56,
636 3929 677 3978 96.

377 4020 413 4088 (2)
430 4022 502 4084 but,
517 4023 558 4082 Vl,
573 4033 635 4085 pars
650 4023 675 4081 2,
691 4033 718 4085 p.
737 4021 794 4070 188.

377 4117 409 4180 (3)
428 4119 452 4168 J.
466 4117 574 4174 Grimm‚
586 4113 859 4170 Kler'nereScbristen.
877 4115 885 4162 l
901 4115 937 4177 (2.
953 4111 1017 4178 od),
1035 4115 1095 4164 353.

375 4215 409 4277 (n
431 4213 501 4274 unt,
517 4215 575 4264 ilo.

375 4311 409 4372 (a)
421 4305 503 4366 lom,
521 4307 644 4358 iri-rra.

375 4401 410 4466 (6)
431 4400 493 4449 Uno.
508 4399 581 4456 ced..
594 4397 625 4462 ἐξ
641 4398 731 4448 tlt-38.

374 4492 409 4555 (t)
427 4491 501 4552 tou,
527 4491 576 4544 loc.
592 4494 648 4552 cit,
671 4489 705 4543 cl.
720 4491 790 4550 Dat,
812 4491 839 4547 t',
866 4493 921 4550 (ἢ),
937 4492 994 4548 tlt,
1012 4493 1070 4548 tlt,
1088 4492 1145 4540 tlt.
1165 4517 1190 4527 -
1212 4489 1318 4542 Editum
1331 4489 1418 4542 luerat
1430 4491 1551 4544 Ilottero·

340 4585 409 4637 dant
424 4597 494 4637 enno
511 4587 574 4637 lbet
589 4585 713 4637 Fureterll
727 4583 847 4634 tear'eon.
