3462 5452
895 643 1086 727 ‚52-

391 798 560 885 aliquoties
576 797 692 865 imbuit
708 801 761 884 (1).
778 802 881 865 immo
896 806 1022 884 anglico
1041 823 1188 867 sermone
1203 806 1382 869 conlectam
1399 828 1416 869 a
1432 801 1592 870 Walliesio

391 913 634 991 grammaticam
658 912 839 990 germanice
858 912 951 972 vertit
973 917 1004 973 ct
1026 913 1059 973 in
1074 915 1190 992 vulgus
1209 913 1334 990 edidit(
1357 919 1379 991 ).

430 1019 600 1080 Itineribus
630 1018 767 1096 denique
795 1022 826 1078 et
852 1019 999 1078 benificio
1029 1019 1133 1080 laudis
1158 1020 1219 1080 late
1243 1038 1279 1080 ao
1308 1026 1433 1081 mature
1458 1022 1595 1099 prolatae

391 1127 589 1186 increverant
604 1125 630 1184 ei
648 1124 780 1183 artiores
795 1124 953 1185 amicitiae
972 1141 1046 1184 cum
1066 1125 1283 1185 eruditissimo
1299 1144 1427 1205 quoque
1446 1128 1513 1186 viro
1534 1143 1595 1186 non

391 1234 578 1295 Germaniae
597 1236 723 1292 tantum
736 1231 789 1291 sed
807 1231 954 1291 omnium
972 1232 1035 1291 iere
1054 1232 1197 1309 Europae
1216 1233 1384 1310 regionum
1399 1235 1454 1308 (3).
1471 1235 1511 1294 ΙΙΙ
1529 1233 1598 1293 Ger-

391 1359 503 1401 manos
522 1344 697 1412 taceamus,
712 1356 787 1398 cum
806 1337 916 1397 nullus
941 1355 1040 1414 paene
1055 1339 1210 1398 exstiterit
1229 1357 1265 1399 eo
1290 1344 1431 1417 tempore
1455 1339 1596 1400 doctrina

392 1453 487 1525 atquo
513 1445 662 1523 operibus
687 1443 880 1520 conspicuus
903 1444 960 1515 vir,
989 1462 1063 1503 cum
1087 1462 1150 1522 quo
1173 1463 1238 1504 non
1263 1446 1457 1506 commercio
1479 1447 1595 1523 episto-

392 1555 497 1613 larum
517 1552 631 1612 saltem
653 1551 845 1629 conjunctus
865 1549 971 1621 luerit,
992 1550 1179 1610 meminisse
1199 1555 1247 1610 sat
1266 1552 1325 1611 erit
1343 1569 1418 1611 eum
1440 1552 1598 1629 Ultrajecli

394 1675 468 1718 cum
490 1656 562 1717 lob.
586 1656 721 1734 Georgio
748 1654 891 1727 Graevio,
919 1654 1148 1714 Amstelodami
1177 1672 1252 1714 cum
1271 1654 1599 1724 Sivammerdammio,

394 1764 506 1825 Leidae
523 1781 598 1824 cum
614 1763 785 1834 Gronovi0,
802 1763 906 1838 Hagae
921 1760 1081 1821 Comitum
1099 1778 1173 1820 cum
1190 1762 1320 1822 Nicolao
1337 1762 1477 1835 Heinsio,
1495 1762 1600 1822 Const.

393 1872 538 1950 liugenio
559 1875 589 1930 et
613 1869 781 1930 Francisco
805 1869 901 1930 Junio
922 1867 1098 1927 amicitiam
1124 1869 1319 1928 contraxisse
1340 1873 1370 1929 et
1389 1868 1509 1929 ibidem
1529 1885 1600 1929 cum

394 1976 581 2056 llarquardo
597 1975 699 2036 Gudio
716 1974 967 2034 familiaritatem
991 1991 1059 2033 esse
1076 1974 1248 2051 inceptam,
1267 1992 1365 2052 quam
1385 1976 1479 2035 ambo
1495 1980 1602 2053 postea

395 2077 428 2135 in
443 2073 582 2134 Cimbria
607 2089 709 2150 usque
734 2071 774 2130 ad
796 2071 911 2131 ultima
933 2071 997 2130 iata
1020 2071 1299 2131 continuaverunt.
1318 2074 1381 2132 Nec
1400 2072 1509 2132 minus
1525 2074 1602 2132 Lon-

394 2182 461 2241 dini
492 2179 724 2242 consuetudine
749 2179 827 2239 nob.
853 2178 967 2255 Boytii,
992 2178 1090 2237 isaaci
1112 2179 1216 2239 Vossii
1237 2184 1268 2239 et
1294 2182 1389 2240 Henr.
1409 2181 1601 2260 Oldenburgi

394 2288 568 2349 delectatus
584 2289 660 2345 erat.
679 2285 762 2344 inter
780 2285 898 2356 Gallos,
915 2301 990 2344 cum
1012 2285 1093 2344 Patr.
1118 2286 1195 2344 Dan.
1218 2286 1345 2359 liuetio,
1362 2288 1435 2365 Aeg.
1460 2287 1600 2365 Menagio

395 2401 426 2456 et
444 2398 525 2455 Petr.
552 2392 672 2464 Petito;
705 2390 787 2450 inter
807 2392 922 2462 Danos,
945 2407 1019 2449 cum
1047 2388 1103 2449 Th.
1129 2389 1326 2464 bartholino,
1354 2392 1401 2454 Ol.
1428 2393 1600 2464 Borrichio,

395 2504 445 2563 W.
471 2500 628 2572 Wormio,
659 2500 740 2558 Petr.
770 2495 923 2568 Resenio;
963 2496 1045 2556 inter
1076 2496 1206 2568 Succos
1229 2513 1303 2558 cum
1333 2498 1405 2559 ioh.
1432 2498 1601 2570 Schetiero,

397 2610 444 2671 Ol.
464 2606 602 2678 Verelic,
619 2605 666 2668 Ol.
691 2603 877 2663 Rudbeckio
895 2603 1015 2662 litteras
1031 2603 1301 2664 communicabat.

436 2715 544 2790 ltaque
567 2710 768 2789 germanicae
791 2707 986 2786 philologiae
1011 2707 1182 2768 Morhofrus
1205 2713 1271 2768 tam
1292 2710 1442 2788 prodesse
1469 2716 1602 2789 poterat,

398 2838 495 2898 quam
522 2819 576 2895 qui
605 2817 761 2888 maxime,
790 2833 876 2887 cum,
907 2814 1065 2892 quidquid
1093 2816 1282 2892 proficerent
1313 2817 1472 2894 ejusmodi
1500 2816 1603 2878 studia

397 2924 540 3005 quotidie
553 2927 598 2982 tot
611 2922 779 2981 doctorum
796 2922 1017 2992 intlormania,
1033 2922 1218 2997 praesertim
1232 2922 1264 2981 in
1277 2922 1449 2996 Britannia,
1465 2924 1602 2997 Batavia,

399 3033 535 3095 Scandia
556 3031 742 3109 degentium
757 3029 900 3088 virorum
926 3028 1033 3087 labore
1055 3033 1110 3087 aut
1132 3029 1327 3102 inventione,
1348 3029 1379 3088 id
1401 3031 1508 3090 statim
1530 3049 1604 3090 con-

396 3145 582 3221 junctarum
604 3138 821 3196 amicitiarum
846 3135 1000 3194 beneticio
1026 3136 1187 3212 percipere
1216 3141 1245 3194 et
1271 3137 1417 3212 propriae
1445 3136 1606 3196 doctrinae

397 3249 490 3328 copia
508 3262 623 3324 augere
642 3245 770 3303 valeret.

438 3358 481 3414 Ne
501 3353 649 3431 pluribus
670 3351 766 3428 igitur
791 3349 894 3408 verbis
915 3348 1072 3418 dicamus
1092 3353 1211 3425 quanto
1236 3354 1412 3425 praetereat
1436 3351 1605 3412 Morbofius

398 3468 506 3524 noster
528 3460 695 3519 intervallo
718 3475 792 3518 eum
814 3457 1013 3534 scriptorem,
1040 3455 1094 3532 qui
1123 3455 1219 3532 paulo
1249 3462 1333 3528 ante,
1361 3458 1604 3519 necimmerito

398 3569 540 3648 quidem,
558 3583 685 3625 summa
707 3566 739 3624 in
761 3564 961 3642 germanicae
984 3563 1211 3640 grammaticae
1227 3563 1340 3623 studiis
1355 3565 1482 3644 vigebat
1500 3572 1605 3628 auoto-

397 3678 501 3749 ritate,
518 3675 679 3752 integrum
701 3689 817 3748 nempe
838 3687 1073 3748 operosumque
1096 3670 1318 3730 Scirottelium.
1339 3671 1399 3743 Qui
1420 3691 1494 3734 sane
1510 3676 1604 3736 ambo

398 3785 457 3844 viri
482 3786 583 3842 aetate
605 3779 701 3840 vicini
723 3783 816 3851 sunt;
842 3777 907 3850 sed,
932 3777 957 3836 si
983 3776 1161 3836 doctrinam
1184 3777 1338 3852 attendas
1356 3779 1448 3840 valde
1471 3780 1553 3842 inter
1574 3801 1605 3843 se

399 3893 564 3964 distantes,
589 3894 654 3948 tam
684 3887 778 3948 celeri
804 3902 974 3964 progressu
1000 3885 1090 3958 alter,
1118 3888 1149 3943 et
1173 3885 1281 3944 minor
1303 3890 1392 3961 natu,
1421 3888 1604 3966 Morhofius,

400 4004 537 4065 alterum
568 3996 775 4078 superaverit,
801 3994 894 4074 cujus
920 3993 965 4054 rei
999 3995 1226 4072 argumentum
1261 3991 1430 4073 disciplina
1463 3977 1493 4058 et
1525 3998 1605 4061 ratio

399 4110 567 4188 utriusque
588 4105 728 4185 praebet.

417 4327 467 4390 ,ΙΙΙ
486 4325 524 4378 Ci.
538 4326 561 4378 l.
578 4323 686 4376 ltloeller.
701 4318 816 4372 Cimbrici
829 4320 948 4380 literato,
963 4320 1008 4380 ΙΙΙ,
1023 4332 1049 4385 p.
1065 4321 1123 4370 ΙΙΙ.
1138 4318 1183 4370 lin.
1202 4321 1289 4371 at-at.

432 4426 468 4492 (l)
486 4420 523 4474 ci.
538 4418 651 4482 loecber,
667 4417 836 4484 Alipemeinec
848 4413 1115 4476 Gelelotmdecicoa,
1131 4415 1173 4476 ΙΙΙ,
1189 4419 1216 4466 Ιο
1229 4413 1338 4468 itorboi.

432 4519 604 4590 (attonsum
626 4515 739 4566 virorum
762 4512 912 4564 inclitorum
934 4515 1038 4572 serram,
1054 4509 1213 4576 quibuscum
1236 4510 1379 4564 Morbodus
1400 4514 1524 4568 artiorem
1543 4523 1605 4570 con·

400 4617 515 4682 litteral
528 4612 680 4676 amicitiam,
696 4608 785 4664 videus
798 4607 868 4678 apud
887 4605 1044 4672 licitarum,
1061 4604 1106 4676 Op.
1122 4606 1177 4672 cit,
1194 4608 1238 4673 ΙΙΙ,
1251 4609 1298 4663 ΙΙΙ
1316 4610 1341 4662 et
1356 4611 1415 4664 itt.

869 4762 1118 4796 pam-unum
