3446 5452
892 642 1113 720 -lta-

386 793 539 858 instinctu
563 791 879 868 adornanturque,
906 797 996 874 quasi
1022 797 1193 874 praecipua
1220 793 1418 873 antiquitatis
1441 796 1510 854 nota
1529 805 1574 852 eas

385 905 511 982 linguas
526 903 757 976 commendari,
783 904 815 962 in
831 905 948 981 quibus
964 903 1023 962 ista
1039 901 1183 962 radicum
1206 903 1342 962 brevitas
1365 901 1488 961 facilius
1503 897 1576 958 dete-

383 1015 477 1088 gatur
489 1009 542 1088 (l),
557 1009 639 1069 nibil
661 1010 748 1070 aliud
767 1010 799 1069 in
815 1009 944 1070 laudern
957 1009 1156 1088 germanicae
1170 1008 1298 1086 linguae
1311 1009 1415 1080 vertit,
1431 1006 1490 1065 nisi
1501 1003 1576 1082 quod

384 1115 470 1194 apud
495 1132 565 1174 eam
591 1114 664 1174 illae
692 1115 825 1187 radices
838 1116 892 1174 vix
913 1114 1066 1192 depositis
1091 1114 1252 1175 interdurn
1277 1115 1357 1174 raris
1383 1131 1420 1173 ac
1443 1112 1578 1172 brevibus

383 1222 674 1293 terminationibus,
700 1222 808 1280 statim
833 1222 924 1298 quasi
948 1221 1054 1280 nudae
1074 1225 1258 1298 appareant,
1275 1238 1350 1281 curn
1366 1225 1475 1281 eontra
1490 1235 1536 1278 eas
1550 1217 1578 1274 in

383 1346 495 1408 graeco
513 1333 543 1387 et
558 1327 657 1387 latino
671 1329 884 1399 sermonibus,
901 1333 1011 1405 utpote
1032 1328 1222 1388 cultioribus
1238 1331 1268 1387 et
1290 1332 1356 1387 arte
1371 1327 1471 1404 magis
1487 1324 1578 1384 detor·

384 1435 489 1506 matiS,
499 1452 565 1494 non
579 1433 682 1504 liceat,
697 1435 758 1493 nisi
775 1435 871 1512 longo
886 1433 1182 1511 perdirersissimas
1196 1435 1438 1493 terminationes
1449 1436 1478 1491 et
1489 1437 1582 1491 trans-

384 1540 591 1600 formationes
605 1540 717 1599 itinere
733 1540 827 1611 tacto,
844 1540 980 1617 reperire
996 1542 1049 1615 lb).
1076 1538 1161 1600 Unde
1185 1539 1241 1599 tibi
1266 1557 1376 1598 rursus
1399 1536 1581 1615 persuadere

384 1665 493 1724 queas,
519 1651 619 1705 totam
642 1646 785 1705 Morliolii
813 1645 849 1704 de
874 1663 909 1705 ea
933 1663 965 1704 re
992 1645 1243 1722 disputationem
1259 1645 1362 1704 multo
1380 1644 1486 1703 minus
1502 1640 1581 1701 adid

383 1752 566 1824 tendere,ut
579 1753 780 1831 germanicae
794 1753 921 1830 linguae
935 1752 1058 1830 insigne
1074 1751 1237 1827 quoddam
1255 1751 1445 1828 antiquioris
1459 1747 1582 1826 originis

384 1858 540 1918 indicium
564 1857 714 1929 vindicet,
730 1875 825 1934 quam
847 1862 882 1917 ut
901 1875 982 1929 earn,
1000 1863 1164 1934 tamquam
1184 1858 1292 1916 minus
1315 1859 1540 1916 commutatam
1555 1858 1585 1912 et

384 1965 545 2036 inflexam,
560 1965 724 2024 communi
741 1965 855 2041 origini
869 1965 1068 2042 propriorem
1082 1968 1112 2024 et
1127 1965 1278 2041 pristinae
1298 1964 1397 2024 indoli
1415 1963 1583 2023 fideliorem

384 2071 574 2130 remansisse
588 2071 724 2130 evincat.

424 2178 466 2236 De
477 2177 756 2237 terminationibus
771 2178 889 2254 pariter
904 2176 1070 2236 disserenti
1085 2176 1249 2249 llorbolio,
1267 2195 1464 2254 quamquam
1481 2192 1585 2236 earum

384 2284 541 2360 originem
557 2283 617 2343 sibi
633 2301 698 2342 non
728 2289 793 2342 tarn
818 2289 901 2343 recte
928 2284 1044 2362 fingere
1064 2285 1176 2356 valuit,
1203 2285 1296 2363 longe
1315 2289 1420 2344 tamen
1441 2283 1585 2362 probabi-

384 2391 463 2450 liora
478 2395 509 2449 et
532 2390 658 2449 saniora
682 2389 822 2466 proferre
849 2390 994 2466 contigit,
1018 2408 1116 2468 quarn
1145 2391 1297 2469 cuiquam
1323 2392 1372 2452 vel
1397 2393 1513 2468 prioris
1537 2390 1585 2449 vel

383 2494 528 2572 ejusdem
542 2495 653 2554 aetatis
670 2495 795 2555 erudito
811 2496 891 2555 viro,

424 2602 617 2662 Schottelius
638 2601 733 2672 enim,
751 2606 787 2660 ut
802 2602 957 2678 optimam
983 2602 1069 2661 illius
1097 2603 1207 2662 aetatis
1233 2603 1456 2663 auctoritatem
1484 2604 1587 2663 statim

383 2711 571 2788 allegemus,
583 2709 824 2768 terminationes
838 2708 871 2767 in
887 2709 1030 2786 linguam
1044 2710 1271 2786 germanicam,
1284 2728 1416 2789 graecae
1430 2715 1461 2770 et
1475 2711 1587 2771 latinae

383 2816 541 2891 exemplo,
564 2813 707 2886 libidine,
732 2814 832 2874 immo
849 2816 1053 2892 corruptione
1080 2815 1219 2892 quadam
1248 2835 1315 2876 esse
1339 2818 1507 2894 impositas
1530 2833 1584 2894 pro

382 2926 547 2999 comperto
561 2920 683 2980 habuit.
701 2923 843 2998 Namque
858 2920 885 2980 ei
901 2920 987 2980 haud
1001 2921 1136 2981 dubium
1152 2928 1198 2982 ost
1213 2924 1430 3001 germanicam
1446 2924 1587 3002 linguam

384 3047 420 3087 ea
437 3026 519 3086 orriri
534 3026 716 3085 aeternitate
740 3046 805 3085 eona
828 3026 934 3105 sitisse,
959 3045 1041 3104 quae
1072 3033 1147 3088 tunc
1178 3030 1284 3101 luerit,
1310 3031 1359 3088 vel
1385 3031 1493 3107 potius
1509 3047 1587 3107 quae

382 3141 458 3194 tunc
479 3151 588 3194 rursus
611 3134 803 3211 apparuerit,
832 3139 1002 3212 postquam
1021 3140 1194 3212 expurgata
1223 3141 1254 3195 et
1270 3137 1305 3195 in
1318 3136 1493 3212 pristinum
1512 3137 1589 3196 nito

382 3259 450 3301 rem
465 3241 610 3300 restituta
626 3241 676 3299 sit.
690 3241 769 3300 Cum
784 3240 881 3318 igitur
895 3246 1001 3300 vetera
1023 3246 1235 3300 monumenta
1247 3243 1366 3300 multas
1380 3259 1474 3301 voces
1488 3242 1588 3302 direr-

382 3351 424 3408 sis
447 3353 477 3409 et
506 3349 649 3408 mirilicis
676 3347 955 3407 terminationibus
985 3347 1076 3424 quasi
1105 3349 1238 3408 amictas
1261 3349 1444 3427 praebeant,
1471 3350 1585 3422 booei,

381 3457 504 3533 abjecta
518 3456 605 3514 omni
615 3455 829 3524 cunctatione,
845 3453 1047 3531 superiorum
1061 3458 1242 3530 temporum
1260 3454 1436 3514 rusticitate
1451 3473 1489 3515 ac
1502 3473 1586 3534 prae·

381 3565 473 3641 cipue
489 3563 613 3622 incuria
637 3563 786 3622 ellectum
811 3578 878 3620 esse
904 3560 1040 3633 videtur,
1064 3578 1127 3637 qua
1149 3561 1311 3621 vernaculi
1330 3579 1494 3622 sermones
1515 3578 1585 3623 oum

380 3672 517 3731 litterata
532 3670 641 3747 lingua
654 3669 756 3746 magis
771 3686 808 3728 ac
823 3668 924 3745 magis
939 3667 1088 3744 permixti
1105 3668 1166 3727 sint
1181 3669 1233 3746 (3).

418 3778 520 3849 Quam
546 3775 677 3853 quidem
708 3776 1013 3852 interpretationem,
1045 3776 1172 3834 tametsi
1198 3780 1417 3852 portentosam
1443 3779 1585 3848 omnino,

384 3884 576 3945 Sebottelius
596 3880 731 3942 minime
753 3881 877 3959 primus
905 3886 1124 3960 proposuerat.
1154 3882 1352 3942 iamdudum
1373 3885 1471 3958 enim,
1496 3887 1585 3964 longe

382 3992 445 4053 alio
461 4009 536 4051 sane
552 3993 659 4051 auimo
675 3992 723 4050 usi
738 3997 832 4067 atque
848 3990 921 4051 inde
936 3991 1043 4069 potius
1059 3991 1235 4070 germanici
1263 3993 1419 4054 sermonis
1440 3993 1585 4075 dignitati

381 4098 506 4181 aliquid
522 4098 684 4162 adstruere
697 4097 815 4173 conati,
834 4097 910 4161 bine
926 4097 1117 4161 Trithemius
1133 4098 1170 4162 de
1186 4099 1300 4163 Ottridi
1323 4100 1432 4182 lingua
1448 4103 1585 4166 similem

377 4313 626 4328 Q

410 4455 446 4530 (l)
468 4457 538 4526 unt,
557 4459 596 4516 td.

412 4559 447 4629 (t)
462 4557 537 4624 tota,
550 4562 591 4623 83,
606 4561 635 4614 87
648 4557 674 4613 et
685 4554 794 4630 passim.

410 4655 444 4734 p)
463 4653 536 4726 tuas.
553 4652 649 4720 reteri,
666 4658 756 4722 iam,
772 4660 813 4722 ts,
830 4651 952 4718 raa-titt
