3462 5452
828 621 1018 702 ..16-

305 778 446 842 sermoni
461 795 570 859 parem
585 797 664 850 esse,
682 779 873 840 etomnibus
885 779 1018 840 istarum
1036 777 1221 856 linguarum
1238 771 1404 840 vocabulis
1427 790 1519 838 com·

308 906 442 950 munem
464 906 532 949 esse
549 887 708 964 originem
727 884 781 966 (l).

349 994 526 1057 Fatendum
542 992 736 1072 estquidam
752 993 954 1064 Morhoirum,
973 1009 1048 1053 cum
1064 991 1103 1052 de
1119 996 1191 1052 ortu
1207 995 1238 1052 et
1255 1009 1426 1070 progressu
1447 991 1521 1051 illa-

308 1118 381 1162 rum
404 1101 590 1180 linguarum
610 1097 789 1171 dissereret,
804 1116 870 1159 non
889 1099 993 1159 multo
1007 1096 1147 1158 lucidius
1163 1096 1292 1170 vidisse,
1314 1114 1414 1176 quam
1434 1097 1525 1157 Leib-

307 1209 388 1268 nitio
402 1206 546 1285 contigit.
561 1210 751 1266 cunctarum
762 1205 846 1266 vices
861 1205 1132 1283 cognationesque
1148 1208 1178 1264 et
1197 1204 1368 1264 allinitates
1387 1203 1522 1264 contuse

308 1318 435 1374 tantum
456 1317 487 1372 et
504 1312 687 1390 perturbate
710 1311 738 1371 ei
761 1328 922 1389 apparere,
940 1314 1035 1388 atque
1049 1311 1118 1389 ejus
1138 1309 1331 1371 sententiam
1350 1310 1523 1388 praecipue

308 1417 380 1479 ideo
394 1417 536 1496 quadam
551 1415 749 1478 dubitatione
766 1422 796 1478 et
812 1417 1020 1477 fluctuatione
1035 1418 1191 1489 laborare,
1207 1415 1294 1494 quod
1309 1433 1421 1476 omnes
1439 1421 1522 1476 tem·

308 1542 426 1604 porum
441 1524 582 1584 rationes
595 1528 626 1584 et
641 1521 769 1584 ordines
783 1523 976 1602 ignoraverit
991 1528 1022 1583 et
1039 1523 1199 1600 imprimis
1215 1522 1253 1584 de
1277 1523 1452 1583 ilcxionum
1468 1541 1524 1583 na-

308 1637 380 1692 tura
397 1635 427 1691 et
441 1647 595 1708 processu
610 1629 744 1691 omnino
758 1630 919 1690 erraverit.
937 1629 1059 1702 Quibus
1074 1634 1183 1690 tamen
1198 1629 1370 1703 concessis,
1391 1647 1456 1690 non
1476 1634 1524 1690 est

308 1736 495 1816 negandum
520 1737 558 1797 ab
575 1754 612 1797 eo
631 1736 669 1796 de
694 1735 762 1796 istis
778 1735 897 1814 linguis
913 1737 996 1796 inter
1011 1753 1043 1796 se
1060 1736 1261 1797 conferendis
1280 1737 1384 1798 multo
1403 1738 1523 1798 rectius

309 1861 346 1904 ao
366 1842 577 1915 moderatius,
599 1843 678 1920 quin
707 1843 805 1902 etiam
828 1843 931 1904 multo
948 1842 1181 1920 providentius,
1205 1861 1302 1922 quarn
1322 1862 1340 1904 a
1361 1845 1523 1924 plerisque

309 1950 507 2027 aequalium,
523 1966 591 2010 esse
606 1948 817 2026 disputatum.

351 2057 530 2116 Paucorum
562 2055 650 2115 enim
674 2072 786 2115 eorum
817 2060 865 2116 est
890 2054 1119 2116 adscribendus
1150 2073 1300 2130 numero,
1326 2057 1444 2136 quibus
1468 2058 1525 2119 illa

309 2166 413 2223 aetate
428 2162 460 2222 in
475 2161 694 2239 suspicionem
708 2161 805 2234 venit,
829 2163 896 2222 sieri
914 2179 1008 2239 posse
1024 2167 1059 2222 ut
1073 2179 1112 2222 ex
1133 2163 1266 2224 asiatica
1282 2165 1447 2225 communi
1464 2165 1525 2225 ori·

309 2271 382 2349 g‘ne
396 2275 499 2330 totum
512 2270 574 2329 hoc
589 2269 773 2347 linguarum
787 2287 888 2347 genus
901 2267 1123 2338 deduceretur,
1137 2287 1216 2347 quas
1226 2288 1314 2331 nunc
1328 2289 1463 2351 aryanas
1473 2273 1523 2333 vel

310 2376 577 2453 indo-europaeas
597 2375 809 2453 appellamus
831 2380 863 2435 et
886 2393 962 2435 cum
984 2375 1013 2435 ei
1038 2375 1185 2436 nondum
1206 2377 1316 2438 liceret
1332 2379 1524 2440 sanseritam

310 2483 481 2543 etiamtum
497 2481 640 2560 ignotam
654 2481 800 2559 linguam
814 2481 847 2540 in
866 2480 1091 2542 testimonium
1102 2499 1227 2556 vocare,
1244 2500 1320 2544 eum
1335 2485 1449 2545 saltem
1457 2501 1524 2546 non

309 2589 554 2668 fugeruntquae
569 2593 647 2648 tunc
661 2588 803 2666 primum
818 2587 1052 2666 evulgabantur
1071 2588 1110 2649 de
1131 2590 1256 2667 persico
1277 2607 1424 2652 sermone
1446 2609 1525 2672 pau-

309 2697 401 2757 culae
417 2700 447 2756 et
472 2713 605 2756 mancae
620 2695 779 2755 notiones.
795 2694 918 2766 Quibus
938 2693 1108 2773 diligenter
1125 2697 1269 2757 collectis
1289 2703 1321 2758 et
1344 2699 1521 2774 recensitis,

310 2823 386 2867 curn
406 2803 588 2865 Boxhornio
604 2807 635 2863 et
650 2801 828 2862 Blancardo
841 2806 933 2862 notat
952 2803 1071 2862 multas
1086 2804 1286 2881 germanicas
1303 2807 1426 2867 radices
1442 2807 1523 2868 mire

309 2930 486 2992 congruere
497 2929 572 2972 cum
588 2910 720 2989 persicis
735 2908 930 2988 quibusdam
946 2909 1091 2982 vocibus,
1109 2928 1190 2988 quae
1211 2912 1333 2990 passim
1348 2912 1434 2992 apud
1445 2913 1523 2974 Cur·

308 3022 391 3081 tium
407 3020 550 3096 aliosque
560 3021 681 3078 veteres
694 3015 921 3077 historicarum
936 3033 1043 3076 rerum
1055 3017 1225 3095 scriptores
1238 3026 1422 3094 occurrunt,
1431 3039 1524 3100 quas·

310 3145 371 3206 que
385 3126 570 3197 Burtonius,
588 3123 720 3202 originis
736 3140 848 3184 earum
865 3127 974 3184 tamen
988 3140 1103 3201 parum
1117 3124 1277 3199 conscius,
1292 3128 1444 3188 collectas
1459 3127 1523 3189 edi·

310 3234 398 3296 derat
413 3238 444 3293 et
465 3232 624 3310 explicare
647 3234 841 3303 tentaveret3
859 3231 1015 3291 Salmasio
1040 3231 1159 3308 pariter
1181 3235 1211 3292 et
1237 3232 1448 3295 Elichmanno
1473 3253 1523 3296 as·

309 3358 434 3412 sensus,
447 3339 588 3417 persicae
604 3337 733 3414 linguae
747 3353 823 3396 curn
834 3337 1019 3415 germanica
1029 3337 1288 3399 convenientiam
1306 3341 1441 3414 extollit,
1455 3357 1523 3402 me-

310 3465 440 3508 morans
455 3445 626 3525 praecipue
646 3443 787 3521 persicae
804 3443 934 3522 linguae
951 3444 1122 3505 innumera
1139 3445 1242 3507 inesse
1257 3447 1424 3523 vocabula,
1440 3465 1523 3527 quae

311 3555 422 3617 eadem
449 3554 480 3614 in
501 3569 626 3630 graeco,
646 3551 746 3611 latino
767 3555 798 3610 et
818 3551 1004 3630 germanico
1030 3568 1177 3613 sermone
1199 3553 1417 3632 reperiantur;
1435 3555 1522 3618 haud

272 3681 276 3691 ·
309 3662 418 3722 minus
437 3662 465 3722 t.
485 3658 610 3720 Graevii
632 3658 819 3736 opinionem
847 3656 968 3732 laudat,
992 3658 1047 3736 qui
1071 3658 1216 3737 linguam
1236 3661 1405 3737 persicam,
1428 3662 1461 3722 in
1483 3662 1521 3724 iis

309 3784 390 3846 quae
406 3766 445 3826 ad
460 3765 621 3845 syntaxim
631 3765 803 3842 pertinent,
818 3764 921 3824 multa
934 3781 1009 3825 cum
1025 3764 1204 3827 britannico
1214 3767 1263 3827 vel
1278 3769 1387 3846 potius
1400 3787 1523 3848 germa-

309 3876 382 3936 nico
405 3890 551 3935 sermone
573 3871 759 3932 communia
785 3871 936 3950 praehere
957 3871 1169 3950 iudicaverat.
1196 3875 1348 3954 allegatis
1373 3877 1406 3937 in
1435 3878 1523 3941 hunc

310 3980 518 4064 perspicuum
538 3976 674 4041 modum
688 3976 866 4041 doctissimi
882 3984 914 4041 et
928 3996 1035 4041 rerum
1052 3977 1250 4062 persicarum
1268 3981 1453 4062 peritissimi
1470 4003 1523 4049 cu·

309 4092 428 4174 jusque
441 4089 585 4172 judiciis,
604 4087 719 4152 Picarti
734 4084 866 4150 demum
880 4088 1072 4149 sententiam
1088 4089 1304 4168 amplectitur,
1322 4092 1377 4171 qui
1393 4093 1522 4156 Germa·

310 4216 370 4264 nos
386 4203 416 4262 et
429 4200 539 4261 Persas
553 4195 627 4260 inde
642 4198 680 4260 ab
695 4196 817 4278 origine
836 4195 953 4278 fratres
975 4194 1073 4260 luisse
1093 4197 1228 4279 putabat
1251 4203 1282 4261 et
1300 4198 1350 4262 liis
1372 4199 1522 4266 Salmusli

343 4557 380 4623 tt)
400 4551 469 4625 tat,
485 4559 527 4623 7³,
544 4559 585 4624 st,
600 4555 641 4628 u,
660 4555 773 4614 tta-leo
790 4569 796 4625 t
822 4553 855 4615 ct
871 4560 979 4630 iusuper
998 4560 1083 4614 totum
1098 4555 1165 4614 trun
1180 4559 1189 4612 t
1202 4557 1349 4632 capitulum
1362 4561 1388 4625 t,
1405 4569 1432 4631 p.
1455 4557 1520 4615 tto·

311 4652 369 4714 tto,
