3446 5452
849 570 1065 650 ...142-

351 721 450 788 videri
466 721 577 806 possit,
595 727 630 788 ut
643 727 897 806 pronuntiationi
919 745 1061 788 consona
1076 727 1127 796 sit,
1145 732 1193 787 ost
1211 739 1379 805 exgenere
1395 721 1562 786 inutilium

351 833 594 894 subtilitatum»
612 832 664 914 (1).

389 940 548 1013 Ceterum,
575 939 681 1018 inquit
705 957 816 1001 rursus
842 939 1015 1000 Morlrodus
1048 956 1150 1016 aeque
1171 939 1360 1018 perspicuus
1384 955 1559 1014 sanusque,

348 1049 520 1126 utrumque
544 1045 675 1107 modum
698 1063 782 1124 pone
808 1049 838 1106 et
857 1045 1015 1109 scribendi
1037 1045 1154 1106 rationi
1181 1048 1212 1106 et
1230 1046 1395 1106 communi
1415 1045 1560 1106 omnium

347 1153 420 1214 usui
436 1169 612 1232 congruere
629 1169 735 1231 posse,
754 1169 817 1229 quo
836 1151 965 1212 tandem
988 1152 1137 1214 caderent
1155 1151 1342 1229 hujusmodi
1362 1168 1463 1212 novae
1485 1150 1562 1210 suh-

347 1260 490 1333 tilitates,
507 1260 611 1331 nullo,
628 1263 663 1318 ut
678 1259 856 1336 periculum
874 1247 932 1330 esi,
952 1259 1013 1319 line
1035 1257 1356 1331 circumscribendae,
1376 1258 1467 1318 nullo
1488 1274 1561 1318 mox

347 1364 541 1427 coercendae
557 1365 647 1426 freno
661 1369 692 1424 et
705 1363 744 1424 ad
765 1363 796 1448 id
812 1368 934 1424 tantum
950 1364 1096 1437 idoneae,
1107 1367 1143 1424 ut
1156 1365 1340 1444 peregrinos
1356 1368 1451 1442 atque
1472 1364 1560 1440 ipsos

347 1473 531 1544 Germanos,
548 1470 724 1532 deformata
737 1470 866 1548 linguae
882 1470 973 1547 quasi
989 1470 1082 1544 lacie,
1099 1470 1285 1547 perturbent
1299 1474 1331 1529 et
1347 1469 1558 1530 confundant,

348 1579 384 1638 Et
399 1577 483 1656 apud
495 1577 722 1656 Francogallos
736 1576 816 1638 haec
831 1577 958 1654 aliaque
977 1577 1119 1654 eJ'usdem
1142 1576 1268 1654 generis
1290 1576 1376 1637 edita
1394 1580 1560 1637 attentata

346 1689 440 1759 suat;
456 1689 488 1746 at
502 1685 535 1744 in
550 1684 633 1743 risus
648 1687 817 1744 evaserunt
829 1681 886 1762 (ᾖ),
903 1699 963 1742 nec
978 1682 1139 1743 absimilia
1161 1685 1299 1742 sectatus
1317 1680 1402 1759 apud
1424 1681 1557 1742 batavos

347 1791 510 1869 Plompius
528 1791 561 1850 in
574 1789 682 1867 inepta
694 1792 818 1849 tantum
839 1787 989 1867 delapsus
1002 1793 1074 1866 est(
1098 1792 1120 1865 ).

385 1895 590 1958 Commodius
613 1895 710 1972 igitur
736 1899 777 1967 et,
809 1893 896 1971 quod
916 1893 955 1954 ad
982 1911 1188 1955 communem
1211 1893 1385 1955 utilitatem
1407 1895 1555 1972 pertinet,

345 2004 440 2082 longe
456 2003 561 2081 aptius
583 2001 666 2061 intra
692 2002 805 2062 solitae
829 2000 1075 2079 orthographiae
1101 2000 1180 2060 lines
1199 1999 1453 2074 consistendum,
1476 2017 1557 2078 quae

345 2112 459 2171 saltem
484 2127 521 2170 eo
541 2110 607 2187 jam
631 2112 770 2187 praestat
795 2107 908 2168 ceteris
933 2106 1093 2168 scribendi
1121 2107 1311 2181 rationibus,
1337 2107 1423 2186 quod
1446 2125 1504 2187 per
1525 2125 1557 2169 se

344 2220 479 2288 constat,
503 2215 542 2275 ab
566 2214 717 2274 omnibus
744 2213 889 2286 discitur,
904 2214 1022 2275 laboris
1042 2214 1163 2293 proprii
1187 2231 1288 2291 paene
1314 2213 1435 2287 insciis,
1466 2219 1496 2274 et
1523 2213 1556 2274 in

344 2322 532 2400 quotidiano
564 2321 774 2392 commercio,
810 2324 923 2397 sponte
958 2321 1047 2380 velut
1081 2324 1221 2397 accepta,
1258 2326 1413 2380 versatur.
1448 2321 1555 2398 ltaque

344 2429 503 2490 Guendtio
529 2430 560 2488 et
586 2426 746 2488 Ludovico
775 2426 914 2504 principi
938 2425 1111 2487 Morhofrus
1137 2426 1189 2486 hic
1212 2427 1395 2498 assentitur,
1413 2427 1480 2504 qui,
1504 2425 1553 2486 vel

342 2535 532 2613 phoneticae
543 2532 790 2611 orthographiae
803 2532 956 2607 laventes,
971 2536 1131 2611 receptam
1146 2533 1337 2612 aplerisque
1350 2533 1383 2593 in
1392 2534 1554 2612 Frugiferc

344 2642 499 2705 Sodalitio
524 2641 727 2716 sententiam,
750 2663 764 2695 «
782 2641 822 2702 Ut
837 2640 990 2717 loqueris,
1017 2639 1119 2701 scribe
1135 2662 1162 2712 a,
1185 2639 1285 2700 altera
1304 2639 1390 2700 cauti
1406 2640 1554 2701 emenda·

342 2751 431 2823 bant,
448 2768 467 2809 a
487 2747 641 2808 Morhoilo
656 2747 774 2824 pariter
792 2745 941 2807 laudata:
959 2746 1152 2825 «Loquendi
1178 2763 1325 2806 normam
1347 2747 1439 2825 ponit
1465 2763 1552 2819 usus,

342 2874 409 2918 non
435 2872 530 2916 usum
554 2870 667 2914 norma
685 2875 712 2914 a.
743 2854 916 2914 Memorare
946 2853 1000 2914 vix
1030 2870 1160 2914 neccsse
1188 2852 1295 2925 luerit,
1331 2851 1551 2926 Schottelium,

342 2967 452 3042 utpote
471 2962 599 3040 linguae
613 2958 773 3020 eruditum
789 2962 820 3020 et
833 2963 976 3020 tenacem
994 2963 1178 3038 tyrannum,
1198 2975 1258 3019 nec
1274 2958 1450 3038 quidquam
1466 2957 1553 3021 aliud

342 3088 485 3150 unquam
503 3069 661 3142 inolitum,
676 3084 772 3145 quam
785 3071 820 3128 ut
834 3083 905 3128 eam
916 3066 1121 3128 abstrusioris
1137 3065 1299 3128 doctrinae
1313 3066 1451 3127 vinculis
1467 3066 1552 3128 cohi·

345 3241 702 3258 w

374 3370 412 3436 (tl
433 3373 502 3435 Una,
526 3375 593 3436 4755
607 3372 641 3424 cl.
665 3375 712 3424 tut
737 3375 763 3424 et
785 3376 843 3424 lto.
861 3397 891 3411 -·
909 3375 980 3436 Quae
1002 3371 1107 3425 turbide
1121 3377 1147 3424 et
1167 3372 1290 3424 seditiose
1309 3372 1341 3424 de
1363 3371 1551 3440 orthographia

340 3471 469 3520 enullavit
487 3467 648 3533 Schuppius,
664 3467 705 3520 hic
731 3467 816 3519 obiter
843 3470 1030 3520 memoravisse
1054 3472 1095 3520 sat
1118 3470 1178 3532 erit,
1200 3473 1307 3534 propter
1322 3471 1407 3535 ipsam
1421 3469 1551 3535 opinionis

341 3564 573 3629 intemperantiam
588 3561 782 3628 verborumque
795 3566 964 3629 asperitatem
985 3569 1012 3616 et
1030 3566 1116 3615 omnis
1131 3563 1351 3631 orthographicas
1370 3567 1480 3616 rationis
1492 3577 1554 3617 con·

341 3663 469 3724 temptum
485 3658 633 3723 respuenda
643 3658 761 3724 quidem,
775 3659 820 3710 sed
834 3672 864 3710 eo
877 3661 1073 3725 perniciosiore,
1087 3673 1140 3726 quo
1155 3662 1294 3726 gravioris,
1308 3661 1458 3712 sincerioris
1469 3659 1550 3712 diaer-

341 3755 467 3819 tiorisque
485 3754 531 3802 viri
546 3756 704 3804 auctoritate
719 3751 890 3818 nitebantur3
912 3755 956 3804 vix
979 3754 1108 3806 animilia
1131 3757 1217 3806 aetate
1238 3754 1348 3806 alterum
1368 3755 1488 3807 invenias
1508 3754 1551 3822 qui

340 3846 524 3900 subtilioribus
540 3848 705 3912 argumentis
715 3850 741 3898 et
754 3846 860 3900 meliore
869 3847 970 3914 judicio
983 3861 1074 3901 omnes
1086 3848 1197 3902 docendi
1209 3851 1324 3901 rationes
1337 3849 1516 3902 emendandas
1528 3851 1552 3902 et

341 3944 422 3996 latino
437 3943 550 3995 sermoni
563 3943 587 3993 in
604 3942 751 3994 litterarum
766 3953 842 3994 rreum
857 3942 975 4011 linguam
991 3945 1170 4011 germanicam
1188 3943 1401 3996 substituendam
1417 3957 1475 3998 asse
1492 3959 1550 4014 pro·

340 4039 451 4092 bererit.
470 4065 496 4077 -
521 4039 633 4091 Weisius
647 4043 746 4100 autern,
767 4039 860 4090 minori
884 4051 964 4105 quam
989 4038 1141 4108 schuppius
1162 4040 1274 4094 audacia
1296 4039 1388 4102 fretus,
1412 4045 1551 4110 postquam

339 4133 479 4190 socordius
500 4137 526 4188 et
548 4135 623 4202 quest
644 4135 816 4202 contemptim
838 4136 939 4187 notarit
962 4134 1051 4190 abaco
1073 4137 1162 4190 omnia
1180 4137 1280 4190 minimi
1300 4149 1358 4192 esse
1386 4141 1513 4192 momenti
1526 4157 1549 4209 a,

339 4229 481 4298 ambiguus
505 4243 535 4282 ec
562 4229 653 4282 leniter
680 4226 820 4282 subridens
846 4231 1007 4284 contentioni
1034 4232 1217 4286 tantummodo
1236 4229 1377 4287 incuriosi²
1394 4242 1550 4303 spectatoris

338 4326 515 4380 instaradest.
530 4324 566 4377 ct.
583 4340 651 4392 quae
671 4324 805 4378 delanoris
829 4325 931 4380 scribae
950 4331 1072 4382 eveniant
1090 4331 1115 4384 in
1131 4333 1192 4402 Cap.
1209 4332 1240 4384 xi
1258 4331 1334 4386 dctus
1357 4332 1490 4400 historiae,
1505 4337 1546 4391 cui

338 4419 905 4498 tilulumdeditDr'e‘drer'arpsteah'urreu.
969 4432 985 4438 ’·
1102 4435 1111 4440 ··
1427 4437 1434 4442 ·
1499 4439 1502 4444 ·
1555 4437 1560 4446 ·

372 4518 409 4582 (2)
430 4519 499 4580 ilat.⁴
516 4519 636 4573 artare.

372 4619 407 4692 ψ)
428 4613 502 4686 uid,
518 4611 575 4670 lul·
