3462 5452
835 583 1026 664 ...10..

327 737 392 812 tur,
409 753 506 818 quam
526 736 559 800 in
584 735 769 819 europaeeis
793 736 997 819 asiaticisque
1022 723 1152 820 linguis,
1174 737 1229 801 ubi
1253 737 1290 802 de
1313 753 1350 801 ea
1376 735 1540 801 vocalium

332 841 518 918 deflexione,
542 865 640 925 quam
664 844 780 906 Allaut
805 853 931 920 vocant,
955 865 1028 909 eum
1054 864 1120 908 non
1144 849 1187 909 ita
1208 848 1376 927 perspicue
1403 847 1540 908 sensisse

328 954 495 1016 latendum
508 960 555 1015 est
571 953 624 1032 (l).

372 1064 536 1122 Postremo
550 1079 615 1122 non
631 1061 706 1120 satis
718 1061 814 1122 habet
829 1062 1012 1140 linguarum
1028 1061 1248 1146 semitioarurq
1258 1061 1387 1133 seriem,
1402 1065 1438 1121 ut
1452 1060 1542 1121 Leib-

333 1169 433 1230 nitius
448 1169 638 1246 plerumque
652 1169 783 1240 tecit‚ex
799 1168 921 1240 ordine,
937 1169 961 1227 si
978 1185 1041 1246 qua
1053 1167 1145 1228 datur
1157 1169 1294 1239 eccesie,
1304 1186 1340 1228 ao
1352 1168 1541 1228 nominihus

330 1281 457 1336 tantum
472 1292 657 1352 percensere
667 1279 761 1351 atque
776 1291 975 1334 enumerare.
991 1276 1163 1352 Postquam
1170 1279 1278 1334 autom
1291 1274 1329 1333 de
1345 1285 1541 1350 unaquaque

332 1383 375 1442 ita
391 1382 560 1460 diligenter
575 1381 735 1450 disseruit,
751 1385 786 1441 ut
801 1381 1008 1441 manifestum
1025 1383 1065 1440 sit
1085 1381 1166 1441 nihil
1181 1382 1240 1458 ipsi
1262 1383 1411 1456 ignctmn
1427 1381 1538 1450 sitisse,

332 1489 417 1567 quod
434 1488 472 1548 ad
486 1489 642 1566 cujusque
659 1489 808 1565 origines,
827 1493 1031 1560 structuram,
1048 1488 1291 1567 grammaticam
1308 1493 1464 1566 spectaret
1485 1489 1541 1563 (2),

327 1595 511 1657 doctissime
525 1595 674 1673 explanat
688 1611 751 1672 quo
767 1595 929 1654 intimiore
943 1612 1027 1654 nexu
1042 1599 1176 1655 cunctae
1193 1595 1274 1655 inter
1285 1613 1317 1655 se
1333 1596 1538 1665 oolraereant,

327 1707 358 1763 et
378 1702 514 1772 collatis,
533 1719 612 1780 quas
635 1701 672 1761 de
697 1717 891 1778 unaquaque
912 1701 1051 1780 collegit,
1076 1701 1274 1772 notionibus
1298 1701 1540 1780 Sljemltjelmio

326 1817 403 1871 tunc
418 1810 541 1887 optimo
560 1810 632 1887 jure
649 1809 830 1878 assentitur,
848 1825 996 1886 novoque
1016 1809 1081 1868 ictu
1100 1810 1209 1867 lictum
1225 1808 1353 1886 linguae
1372 1807 1540 1868 hebraicae

327 1918 502 1996 primatum
515 1915 714 1988 concutiens,
733 1915 793 1974 troc
807 1913 904 1975 modo
921 1915 1052 1975 demum
1069 1915 1230 1975 concludit
1247 1935 1252 1974 :
1272 1915 1459 1976 hebraicum
1474 1934 1540 1975 scr-

328 2041 458 2084 monem
473 2024 554 2082 nillil
571 2021 657 2081 alliud
673 2041 751 2090 esso,
773 2023 833 2081 nisi
850 2039 947 2081 latiam
963 2041 979 2082 e
995 2024 1105 2082 multis
1118 2024 1337 2083 semitiearum
1354 2025 1540 2102 linguarum

330 2128 485 2192 dialectis,
502 2146 558 2185 trec
569 2125 641 2192 sitii,
657 2143 730 2184 <atim
746 2126 783 2184 de
795 2127 983 2202 arttiquilate
994 2132 1116 2203 aagaalur,
1130 2126 1306 2204 quidquam
1321 2128 1461 2204 anqdius
1476 2129 1544 2188 iiiit-

333 2237 438 2296 diemo
458 2254 562 2312 posse,
581 2253 676 2310 quam
697 2233 781 2310 quod
803 2233 915 2292 coloris
943 2234 981 2291 ab
1003 2233 1114 2292 eadem
1139 2234 1235 2310 stirpe
1257 2234 1402 2293 oriundis
1422 2235 1542 2312 linguis

333 2342 530 2411 curteeditur,
555 2341 678 2399 trullam
700 2347 807 2398 audem
832 2340 1027 2416 prunonem
1059 2340 1247 2416 praecipuae
1264 2341 1464 2417 antiquitatis
1484 2343 1542 2400 iro-

331 2456 397 2508 tam
420 2467 493 2525 orac
519 2466 551 2507 sc
574 2449 665 2506 l'erre.
683 2447 769 2517 Qtrac
785 2453 972 2524 argumento
994 2448 1137 2523 prolecto
1160 2447 1305 2523 grai-tora
1329 2449 1537 2523 requitareris,

332 2574 430 2634 quarn
442 2555 628 2614 vacillantes
644 2558 673 2612 ct
690 2553 836 2624 incertus,
853 2552 928 2611 ltine
945 2553 1034 2612 illinc
1047 2552 1084 2612 de
1104 2553 1277 2629 improuiso
1294 2553 1406 2612 allatas
1424 2556 1544 2614 aLeilr-

331 2664 412 2723 nitio
426 2662 604 2741 opiniones.
637 2738 643 2748 ἱ

548 2843 844 2851 .-—--—.--—-—-

374 2967 410 3026 (l)
431 2962 467 3011 Cf.
483 2962 637 3025 Potastn'stor.
653 2963 681 3011 T.
697 2964 715 3019 Ι,
733 2962 786 3012 Lib.
804 2978 836 3013 tv.
849 2977 906 3027 cap.
923 2967 935 3014 5
950 2969 975 3014 el
990 2965 1060 3022 Uet,
1077 2967 1196 3014 tos-tto.

382 3057 415 3118 (ἲ)
434 3055 470 3105 (Il.
486 3056 640 3118 rotaldum,
653 3057 680 3105 T.
700 3059 719 3111 l.
735 3055 787 3106 lto.
805 3071 837 3116 tv,
848 3071 906 3122 cop.
923 3061 935 3108 5
951 3063 975 3108 cl
991 3059 1059 3116 tut..
1077 3061 1117 3108 to.
