3462 5452
864 537 1052 620 ..40-

355 687 503 758 distincte
515 696 637 766 statuit,
653 696 729 758 hine
743 696 985 776 provincialem.
1002 695 1093 760 illine
1103 694 1324 770 occitanieam,
1339 697 1501 774 praeterea
1512 691 1556 775 pi-

355 801 525 874 cardicam,
536 820 616 881 quae
631 803 745 866 ultima
755 821 865 866 omnes
881 804 1149 883 comprehendere
1161 804 1288 866 videtur
1301 803 1466 876 dialectos,
1481 819 1557 880 quae

353 928 440 974 nunc
456 910 489 974 in
504 911 689 974 universum
702 912 741 973 ad
755 913 910 973 sermonis
919 931 1031 992 genus,
1044 914 1163 974 dictum
1178 911 1289 994 langue
1302 909 1388 984 d’otl,
1403 910 1557 988 pertinere

353 1025 557 1100 reputantur,
583 1022 648 1082 alio
661 1021 747 1082 enim
760 1021 832 1082 loco
848 1021 977 1083 celticos
994 1021 1132 1100 populos
1148 1021 1180 1082 in
1197 1021 1365 1086 Occitanos
1380 1023 1412 1078 et
1425 1020 1558 1078 Francos

354 1127 468 1188 dividit
482 1126 539 1206 (l),
555 1128 642 1205 quod
657 1128 701 1188 ita
713 1129 913 1207 interpretari
929 1129 1044 1207 possis,
1059 1129 1179 1190 uthinc
1195 1146 1248 1188 eos
1260 1128 1315 1205 qui
1326 1127 1470 1206 linguam
1485 1123 1558 1200 d'oc,

355 1233 445 1296 illinc
460 1251 514 1294 eos
530 1234 586 1311 qui
605 1234 747 1313 linguam
764 1232 839 1295 d'oll
853 1239 1055 1313 usurparent,
1069 1236 1248 1314 significare
1264 1233 1411 1294 voluerit.

395 1341 456 1401 llas
472 1345 578 1400 autem
596 1358 706 1401 omnes
723 1341 814 1401 nullo
830 1346 923 1420 pacto
943 1360 999 1419 pro
1020 1342 1273 1420 corruptioribus
1296 1345 1352 1401 aut
1376 1340 1415 1400 ab
1442 1340 1563 1400 urbana

354 1445 465 1524 lingua
481 1446 678 1524 degeneretis
692 1447 883 1524 quibusdam
898 1448 1025 1509 dicendi
1045 1449 1215 1526 generibus
1229 1465 1297 1508 esse
1313 1445 1491 1518 habendaS,
1509 1445 1562 1506 sed

354 1553 507 1631 pristinae
523 1554 651 1633 linguae
668 1556 769 1615 multo
784 1556 951 1632 propiores
966 1558 1167 1629 remansisse,
1183 1556 1236 1616 hic
1251 1572 1391 1633 quoque,
1413 1557 1449 1615 ut
1471 1553 1510 1613 ab
1527 1570 1562 1612 eo

354 1679 420 1722 non
434 1662 526 1722 aliter
541 1667 607 1721 erat
622 1663 884 1739 exspectandum,
901 1662 1054 1724 dicendae
1069 1681 1183 1723 causae
1199 1679 1323 1739 semper
1339 1679 1472 1733 memor,
1490 1661 1564 1739 vigi·

355 1770 459 1832 lanter
475 1775 629 1830 memorat
650 1769 710 1846 (2);
736 1769 813 1848 quid
838 1770 969 1847 insuper
992 1769 1154 1830 vernaculi
1177 1786 1338 1828 sermones
1359 1783 1446 1827 nunc
1469 1767 1563 1827 etiam

356 1876 486 1937 cultiori
498 1876 627 1954 linguae
639 1876 761 1947 allerre,
772 1881 849 1954 quot
863 1881 894 1935 et
905 1881 1024 1953 quanta
1038 1876 1065 1935 ei
1080 1874 1244 1953 augendae
1256 1871 1450 1934 aeditandae
1462 1891 1566 1949 praes-

355 1987 422 2043 tare
435 1982 571 2060 possint,
588 1981 683 2042 solito
700 1999 798 2054 more,
822 1981 935 2042 docere
957 1999 1023 2042 non
1038 1981 1271 2058 praetermittit.
1296 1979 1357 2041 Sed
1379 1996 1452 2040 eum
1468 1978 1563 2039 ibide

355 2088 585 2160 excultissima,
602 2105 683 2165 quae
700 2105 842 2165 unquam
864 2089 1095 2148 recentioribus
1116 2088 1313 2166 temporibus
1328 2087 1435 2158 luerit,
1455 2087 1564 2165 lingua

356 2200 479 2275 agatur,
499 2195 610 2256 sedulo
636 2195 731 2256 simul
757 2199 865 2256 monet
889 2213 984 2273 quam
1009 2195 1183 2275 prudenter
1206 2197 1237 2256 et
1260 2212 1354 2272 parce
1379 2194 1503 2255 axillis
1526 2195 1565 2253 sit

355 2301 582 2374 hauriendum,
602 2319 643 2361 ne
672 2299 822 2361 indecora
853 2302 994 2380 vulgaris
1021 2302 1142 2379 eloquii
1172 2301 1358 2379 obreptione
1388 2302 1564 2378 perpolitus

355 2409 584 2471 humaniorum
620 2407 787 2468 hominum
818 2425 921 2468 sermo
956 2409 1153 2485 inquinetur.
1180 2409 1380 2486 Quapropter
1409 2407 1564 2468 Ronsardi

355 2516 527 2576 eonsilium
551 2513 756 2575 vehementer
775 2514 935 2592 reprobat,
952 2513 1115 2575 suadentis
1132 2519 1168 2574 ut
1191 2531 1301 2576 omnes
1322 2515 1563 2574 vernacularum

356 2622 565 2682 dialectorum
582 2638 675 2681 voees
689 2639 726 2682 ac
740 2621 995 2681 constructiones
1011 2622 1044 2680 in
1056 2623 1212 2681 urbanam
1228 2621 1370 2700 linguam
1384 2620 1563 2697 promiscue

355 2727 575 2800 admittantur,
593 2731 624 2787 et
643 2744 865 2806 quaecumque
891 2728 945 2788 ille
966 2746 1002 2790 eo
1030 2728 1192 2788 tendentia
1222 2728 1352 2788 molitus
1376 2731 1434 2800 est,
1454 2731 1562 2805 utpote

355 2834 526 2896 immodica
541 2839 636 2912 atque
652 2835 874 2912 intempestiva
889 2834 976 2895 haud
991 2838 1178 2914 cunctanter
1193 2835 1376 2913 vituperat(
1398 2837 1420 2910 ).

395 2941 489 3000 Recte
516 2940 600 3000 enim
625 2941 722 3000 sentit
745 2939 840 3018 longe
861 2940 956 3001 aliam
980 2958 1049 3001 esse
1070 2940 1316 3020 francogallicae
1331 2945 1427 3018 atque
1442 2957 1563 3019 germa-

356 3049 447 3108 nicae
469 3047 598 3125 linguae
620 3065 656 3106 ea
680 3050 795 3120 aetate,
821 3051 852 3107 et
873 3048 938 3125 jam
967 3049 1067 3108 multo
1091 3052 1184 3109 antea
1199 3048 1309 3121 fuisse,
1334 3048 1563 3122 conditionem,

354 3173 415 3215 nee
430 3171 502 3214 eum
518 3153 600 3232 fugit
619 3154 810 3231 quambene
827 3154 955 3231 linguae
969 3158 1099 3214 nostrae
1114 3155 1312 3230 successerit,
1333 3155 1463 3232 quaein
1479 3155 1564 3234 regia

355 3261 430 3322 aula
445 3261 595 3338 regioque
612 3260 765 3320 comitatu
781 3260 872 3337 quasi
888 3259 1091 3321 domicilium
1106 3260 1267 3338 quoddam
1292 3277 1328 3320 ac
1344 3259 1451 3320 sedem
1466 3261 1565 3320 bona-

355 3385 427 3427 rum
443 3366 558 3427 artium
583 3371 614 3426 et
632 3366 832 3426 humanioris
852 3367 996 3427 culturae
1017 3367 1185 3440 invenerit,
1209 3367 1264 3426 ubi
1281 3367 1514 3445 elegantiorum
1536 3370 1567 3426 et

355 3474 563 3536 urbaniorum
579 3474 721 3534 virorum
735 3472 841 3534 studio
860 3477 892 3532 et
910 3473 1099 3534 auctoritate
1120 3473 1293 3534 constituta
1313 3472 1440 3534 demum
1456 3489 1567 3552 perpo

354 3581 476 3659 litaque
492 3585 523 3642 et
537 3584 648 3641 ornata
664 3581 722 3654 sit,
748 3596 829 3658 quae
849 3580 993 3640 feliciora
1015 3579 1079 3640 lata
1095 3597 1186 3640 carae
1207 3580 1267 3640 sibi
1283 3579 1483 3658 germanicae
1504 3580 1566 3639 lin-

355 3706 436 3768 guae
450 3705 551 3767 usque
570 3691 639 3748 tum
659 3688 798 3748 defuisse
816 3691 846 3748 et
862 3687 1060 3747 nuncetiam
1076 3687 1196 3760 deesse,
1209 3685 1296 3746 haud
1319 3702 1411 3746 secus
1426 3702 1463 3746 ac
1476 3685 1566 3745 Leib-

354 3795 453 3856 nitius
473 3795 570 3873 paulo
590 3798 674 3872 post,
692 3811 729 3855 eo
749 3794 969 3854 vehementius
990 3794 1088 3872 luget,
1105 3811 1170 3871 quo
1186 3792 1347 3853 difficilius
1360 3797 1391 3851 et
1413 3792 1566 3852 incertius

354 3900 570 3962 restituendae
584 3900 704 3978 patriae
716 3900 845 3978 linguae
858 3899 1009 3973 officium,
1025 3900 1192 3960 deficiente
1205 3904 1282 3960 tunc
1296 3898 1381 3976 apud
1393 3899 1566 3961 Germanos

357 4008 444 4069 omni
458 4007 621 4068 communi
635 4005 817 4066 studiorum
832 4023 869 4066 ac
885 4006 1063 4067 litterarum
1079 4006 1165 4066 fonte
1180 4010 1210 4065 et
1225 4003 1310 4078 sede,
1328 4005 1442 4080 tieret(
1463 4007 1485 4080 ).

389 4298 425 4361 (r)
445 4297 515 4358 una,
533 4299 591 4361 iss,
606 4298 664 4348 reo.

386 4393 427 4456 (2)
446 4389 660 4454 1o2·d.,1oa-toe.

393 4483 428 4549 (a)
447 4485 524 4547 mu,
537 4489 595 4537 iar.

388 4583 422 4643 (l)
443 4582 479 4632 Cf.
495 4582 561 4632 inira
577 4584 601 4632 in
618 4585 685 4634 Part.
702 4583 742 4639 tv,
758 4581 921 4650 ubiquaque
945 4579 1061 4634 ltorliofii
1079 4580 1263 4633 detrudamur
1287 4578 1475 4647 francogallica
1499 4580 1567 4645 judi-

359 4679 427 4732 cium
445 4681 603 4732 recensetur.
