3446 5452
662 628 880 702 -127-

148 781 330 846 constabat,
346 778 383 839 de
402 779 463 838 hoc
489 782 612 839 tantum
641 779 889 852 consentientes,
918 785 954 839 ut
977 781 1026 840 vel
1048 781 1278 859 superioribus
1309 785 1357 845 vel

148 886 359 949 inferioribus
373 884 517 944 dialectis
529 885 743 960 corruptelam
755 884 928 962 quamdam
941 887 1104 964 irrepsisse
1114 884 1363 966 suspicarentur.

148 995 203 1054 Sic
218 992 421 1054 existimabat
435 990 618 1061 Kircherus,
631 1008 649 1050 a
664 990 816 1050 ltlorhofio
832 991 964 1068 quidem
991 994 1024 1052 in
1042 1009 1080 1052 eo
1105 995 1244 1072 graviter
1258 1013 1365 1074 repre·

147 1100 341 1177 hensus(t),
370 1097 586 1175 germanicam
611 1096 757 1174 linguam
792 1113 830 1156 eo
852 1098 1083 1175 corruptiorem
1106 1117 1268 1176 apparere,
1298 1120 1365 1184 quo

147 1206 251 1266 altius
265 1205 298 1264 in
309 1202 542 1282 septentriones
556 1201 698 1262 tenderet
710 1203 771 1262 via.
783 1203 844 1263 ntii
859 1210 981 1277 contra,
997 1222 1036 1264 ex
1057 1204 1217 1266 inferioris
1230 1208 1359 1270 Germa-

145 1313 224 1372 niae
235 1307 518 1389 partibusoriundi
536 1313 566 1369 et
581 1309 702 1387 patriae
713 1308 874 1370 inferioris
888 1310 1014 1370 dialecti
1043 1329 1149 1372 amore
1175 1314 1270 1390 capti,
1288 1332 1365 1376 con-

145 1418 325 1480 tendebant
345 1416 535 1476 inleriorum
548 1432 731 1475 sermonum
745 1422 959 1476 consonantes
983 1435 1054 1478 vere
1070 1419 1277 1497 prirnigenias
1296 1438 1364 1481 esse

146 1523 346 1602 reputandas
372 1540 432 1582 nec
446 1523 508 1581 nisi
532 1525 642 1598 postea
666 1521 750 1599 apud
779 1523 959 1600 superiores
982 1541 1050 1584 esse
1074 1529 1227 1601 mutatam
1245 1530 1364 1590 rectius

146 1621 284 1700 quidem
308 1620 441 1698 opinati,
464 1619 526 1678 nisi
550 1619 634 1678 hanc
661 1620 874 1680 mutationem
898 1622 1117 1699 superioribus
1143 1623 1286 1685 dialectis
1309 1628 1367 1686 cri-

145 1729 231 1788 mini
248 1727 323 1788 dare
336 1731 366 1787 et
381 1725 455 1786 inde
468 1730 655 1804 argurrrenta
669 1725 784 1786 ducere
801 1727 990 1800 voluissent,
1010 1728 1128 1805 quibus
1156 1732 1363 1792 commenda-

146 1840 239 1895 retur
254 1833 414 1893 inlerioris
441 1830 544 1892 dietae
562 1829 794 1892 diederdeutsclr
816 1832 945 1910 linguae
973 1852 1048 1912 prae
1068 1838 1246 1911 communi,
1266 1857 1363 1916 quem

144 1936 415 2000 neatoclideutscli
430 1937 604 2015 appellant,
622 1954 769 1998 sermone
781 1957 869 1998 usus.
880 1940 983 2011 Quam
995 1943 1185 2002 sententiam
1208 1946 1361 2004 acerrime

145 2045 395 2107 defendentihus
407 2044 653 2122 Lauremhergio
667 2048 698 2104 et
710 2044 871 2105 Micraelio
892 2046 958 2123 ipse
980 2046 1176 2109 Schottelius
1188 2067 1255 2110 non
1281 2053 1364 2112 mul-

145 2159 220 2213 tum
235 2153 344 2211 aberat
359 2151 437 2227 quin
452 2149 546 2227 plane
562 2149 779 2210 assentiretur.
805 2153 904 2211 Ratus
919 2153 1005 2211 enim
1019 2171 1096 2214 casu
1109 2159 1236 2215 tantum
1250 2162 1281 2217 et
1294 2157 1365 2217 libi-

146 2260 224 2320 dine
236 2258 423 2318 inleriormn
435 2256 645 2316 dialectorum
657 2257 776 2317 litteras
792 2264 802 2316 t
815 2261 847 2317 et
862 2256 883 2318 d
896 2259 931 2317 in
938 2279 980 2332 zz,
995 2266 1034 2335 tz,
1045 2279 1075 2319 ,ιι
1090 2260 1175 2340 apud
1184 2264 1365 2340 superiores

146 2365 294 2427 converti
309 2364 464 2442 potuisse,
477 2362 539 2422 hoc
554 2380 676 2423 novum
690 2363 816 2423 dicendi
833 2382 934 2442 genus
950 2365 1075 2440 Otlridi,
1092 2369 1271 2429 Willerami
1285 2374 1366 2431 cete-

146 2489 324 2549 rorumque
340 2469 483 2549 ejusdem
500 2470 619 2530 saeculi
639 2469 832 2547 scriptorum
848 2471 979 2531 arbitrio
993 2473 1183 2551 impositum
1205 2493 1274 2536 esse
1294 2494 1366 2538 cen-

146 2589 205 2642 set.
223 2583 369 2657 Namque
385 2578 444 2651 illi,
460 2578 504 2636 ait
515 2601 529 2632 «
547 2577 594 2637 als
606 2577 791 2655 Anlaengere
806 2577 861 2638 des
879 2579 965 2639 alten
978 2580 1364 2661 Fraenkischenthernach

145 2705 205 2767 per
225 2687 334 2746 secula
362 2682 561 2762 nachgerade
592 2683 893 2762 ausgesehlillenen,
910 2684 976 2744 und
1001 2693 1160 2763 genanten
1194 2688 1366 2751 Hochteut-

146 2795 259 2874 schen)
275 2793 414 2865 dialecti,
427 2792 493 2852 sich
508 2791 562 2851 des
572 2810 614 2866 za,
630 2798 668 2865 ta,
683 2810 712 2850 aa
729 2809 770 2851 an
785 2796 847 2851 stat
860 2791 915 2852 des
931 2792 1072 2867 toderd,
1082 2795 1142 2855 wie
1152 2797 1233 2856 auch
1245 2816 1283 2857 on
1298 2798 1364 2858 und

146 2924 186 2964 an
200 2922 244 2964 an
259 2905 322 2962 slat
339 2919 374 2961 en
390 2898 457 2960 und
473 2899 699 2978 derogleichen
714 2900 819 2960 haben
833 2899 1032 2978 angelangen
1046 2903 1114 2962 sich
1137 2922 1177 2964 zu
1195 2904 1363 2980 bedienen,

147 3011 226 3084 und,
245 3010 320 3070 dem
335 3008 554 3069 eusserlichen
578 3008 675 3068 haute
701 3008 795 3082 nach,
823 3008 928 3068 vielen
943 3009 1121 3070 Teutschen
1140 3013 1273 3072 Worten
1292 3015 1365 3075 eine

146 3119 238 3180 mehr
261 3114 440 3188 lliessende,
464 3113 636 3174 rischende
658 3115 724 3188 hrt,
741 3113 904 3174 undnach
933 3115 1020 3176 ihrer
1047 3117 1199 3196 Meinung
1214 3119 1365 3182 besseren

146 3224 214 3287 und
230 3223 386 3283 hoeheren
397 3222 511 3300 Klang,
528 3220 596 3280 und
620 3221 687 3280 also
708 3221 779 3282 eine
794 3221 1030 3283 Hochteutsche
1047 3225 1187 3286 Ausrede
1202 3227 1364 3306 beginuen

147 3352 187 3394 zu
201 3333 317 3412 geben,
335 3329 375 3390 da
397 3330 555 3408 hergegen
567 3328 617 3390 die
641 3328 727 3388 alten
742 3328 884 3389 Sachseu
912 3329 981 3390 ihre
997 3331 1059 3391 alte
1086 3331 1194 3393 rechte
1211 3334 1362 3409 Ausrede,

147 3438 334 3518 llusspruch
348 3437 414 3498 und
432 3436 626 3514 Andautung
641 3435 696 3496 der
711 3435 849 3496 Woerter
863 3435 1013 3496 behalten
1028 3460 1042 3492 »
1057 3440 1069 3514 (
1092 3436 1113 3518 )‚

187 3546 343 3608 Morholio
359 3545 467 3623 igitur,
485 3547 710 3622 argumentum
732 3548 805 3620 post
828 3547 876 3602 lot
901 3544 982 3604 alios
1005 3547 1165 3620 tractanti,
1191 3547 1273 3608 nihil
1296 3550 1363 3628 jam

147 3653 266 3731 reliqui
285 3655 363 3728 erat,
380 3651 442 3712 nisi
459 3657 494 3712 ut
514 3649 718 3710 manifestam
740 3666 807 3709 rem
831 3649 898 3728 ipse
926 3668 1056 3728 quoque
1081 3657 1217 3728 notaret,
1235 3655 1362 3734 singula

147 3762 213 3824 huc
227 3759 421 3841 pertinentia
436 3775 475 3818 ex
498 3756 609 3818 ordine
632 3760 844 3830 enumeraret,
862 3756 943 3817 falsa
966 3757 1040 3819 inde
1055 3758 1152 3820 dueta
1174 3769 1363 3839 argumenta

149 3870 366 3948 redargueret,
381 3884 446 3946 quo
460 3865 605 3944 impulsu
621 3864 783 3942 etquihus
805 3864 911 3926 causis
932 3882 966 3926 re
989 3883 1064 3927 vera
1085 3866 1165 3928 haec
1186 3885 1364 3934 consonan-

148 3979 236 4040 tibus
248 3975 436 4055 contigisset
452 3973 586 4035 mutatio
602 3970 794 4046 ostenderet,
812 3971 950 4049 denique
964 3979 1110 4037 moneret
1132 3981 1288 4055 quantum
1311 3980 1362 4042 vel

150 4084 191 4150 ad
205 4081 414 4166 inquirendas
438 4079 663 4164 etymologias,
689 4079 739 4142 ret
762 4078 803 4142 ad
831 4078 1057 4144 describendos
1078 4083 1112 4144 in
1127 4088 1228 4148 certas
1246 4087 1363 4154 classes

149 4194 317 4260 universos
333 4188 520 4256 Germaniae
536 4187 726 4253 remeantes
740 4205 902 4253 sermones
917 4189 1096 4266 interesset,
1118 4196 1154 4257 ut
1174 4191 1361 4277 hujusmodi

1159 4407 1355 4430 Ἣ

180 4549 219 4616 (l)
238 4547 276 4616 Cl.
295 4549 364 4627 ont..
382 4553 424 4616 lta

182 4655 219 4722 n)
237 4653 310 4740 dors.
320 4651 394 4728 Aria
407 4652 464 4722 tlte
