3462 5452
793 597 815 622 η

724 629 887 668 ..1.-

201 751 249 812 331
262 745 398 828 scripte:
425 776 438 806 «
453 749 535 812 illud
551 756 659 812 tamen
671 753 783 812 notatu
798 749 1026 831 dignissimum
1038 753 1095 824 est,
1110 767 1329 829 permagnam
1342 764 1414 811 con-

200 861 333 920 tinentis
357 861 457 921 nostri
473 867 597 939 partem
628 859 751 941 linquae
773 859 935 942 etquidem
957 859 1100 920 latissime
1119 859 1208 939 saeue
1232 858 1358 939 vestigia
1381 859 1413 918 in

204 969 325 1046 linguis
338 969 558 1045 praesentibus
574 987 751 1046 superesse,
769 986 843 1028 cum
860 969 961 1027 multa
976 968 1040 1026 sint
1054 967 1222 1040 vocabula,
1241 984 1323 1043 quae
1341 964 1413 1025 inde

203 1075 241 1134 ab
260 1077 385 1138 Oceano
401 1074 583 1134 Britannico
597 1074 635 1133 ad
651 1093 753 1152 usque
769 1075 960 1150 taponicum
975 1073 1209 1150 protenduntur
1226 1095 1240 1125 a
1259 1071 1267 1148 1
1272 1073 1312 1144 1).

241 1183 305 1240 Nec
333 1180 594 1253 existimandum,
622 1181 708 1258 quod
731 1199 805 1240 sane
838 1181 999 1258 plerisque
1031 1182 1063 1238 in
1088 1185 1228 1240 mentem
1267 1180 1414 1256 protinus

200 1288 318 1361 veniat,
340 1288 535 1347 Leibnitium
560 1288 610 1346 his
632 1289 736 1348 verbis
757 1288 901 1365 linguam
927 1286 1101 1364 quamdam
1124 1287 1314 1365 significare,
1332 1304 1413 1362 quae

201 1394 260 1463 1111,
270 1413 366 1471 quam
377 1393 474 1454 bodie
489 1395 772 1472 indo-europaeam
783 1401 909 1467 vocant,
920 1394 1098 1472 quidquam
1107 1395 1273 1456 subsimile
1288 1393 1411 1464 habeat;

201 1501 255 1560 sed
280 1503 367 1562 bunc
389 1521 497 1564 revera
515 1503 901 1580 intueturprimigenium
926 1520 1119 1575 sermonem,
1142 1521 1180 1562 ex
1196 1520 1259 1580 quo
1281 1507 1415 1562 cunctae

201 1609 324 1687 3311331
346 1610 549 1684 continentis,
574 1609 736 1668 senritieae
759 1610 856 1686 ipsae,
882 1610 993 1680 immo,
1017 1610 1042 1668 si
1059 1627 1188 1670 necesse
1213 1609 1319 1680 suerit,
1340 1610 1414 1669 novi

202 1717 298 1777 etiam
310 1717 503 1777 continentis
517 1717 645 1794 linguae
662 1723 748 1776 ortae
762 1717 835 1776 sint.
849 1716 1050 1788 Quodnulla
1066 1716 1204 1776 admissa
1217 1717 1416 1778 dubitatione

205 1829 259 1884 331
275 1824 501 1894 controversia,
514 1823 577 1882 hoc
592 1823 693 1882 libelli
704 1821 877 1882 li'cuceuua
893 1821 999 1882 assati·
1014 1824 1084 1883 loco
1099 1829 1206 1900 patet:
1226 1849 1239 1880 «
1255 1825 1295 1885 Or
1310 1830 1415 1885 toutes

211 1948 261 1990 ces
277 1930 410 2008 langues
426 1929 464 1988 de
478 1929 509 1989 la
522 1929 650 2008 Scythia
667 1935 721 1989 ont
738 1931 904 2007 beaucoup
924 1930 962 1989 de
979 1931 1102 1991 racines
1123 1950 1310 1992 communes
1327 1937 1415 1992 entre

206 2036 284 2094 elles
300 2040 329 2095 et
343 2052 418 2095 avec
434 2036 479 2094 les
492 2037 610 2105 mitres
625 2041 655 2094 et
669 2037 690 2094 il
707 2055 739 2095 se
754 2042 865 2095 trouve
883 2055 945 2113 que
966 2037 1141 2113 l'arabique
1164 2040 1253 2110 (sous
1276 2040 1416 2116 laquelle

205 2141 414 2218 l'liebra'ique‚
426 2143 603 2202 l'ancienne
615 2143 769 2220 puniqua
784 2144 813 2201 13
827 2143 1037 2215 chaldaeum,
1053 2145 1083 2202 13
1095 2145 1242 2222 syriaque
1255 2151 1285 2205 et
1296 2147 1417 2206 1111113-

203 2250 299 2326 pique
320 2248 375 2308 des
398 2249 550 2326 Abyssins
571 2249 700 2307 doivent
724 2252 788 2308 atre
814 2245 1003 2325 coniprisos)
1026 2268 1066 2309 en
1090 2256 1145 2309 unt
1172 2250 1247 2310 d'un
1271 2253 1296 2310 si
1317 2253 1416 2330 grand

207 2356 352 2428 nombre,
367 2361 398 2415 et
410 2355 504 2416 d'une
520 2375 723 2416 convenence
739 2357 764 2415 si
779 2357 948 2415 manifeste
964 2374 1040 2416 arec
1061 2357 1107 2416 les
1124 2360 1243 2431 mitres,
1264 2360 1361 2436 qu’on
1377 2377 1416 2419 ne

209 2464 237 2523 le
260 2465 379 2523 saurait
404 2464 559 2523 attribuer
576 2482 617 2522 au
641 2463 708 2522 seul
729 2463 855 2532 hasard,
882 2463 914 2522 ni
939 2463 1044 2523 meme
1073 2483 1114 2523 au
1135 2465 1203 2524 seul
1224 2484 1415 2540 commerce,

205 2571 286 2630 mais
305 2571 410 2648 plutdt
431 2588 493 2629 333
511 2569 701 2647 migrations
720 2569 774 2628 des
794 2570 938 2646 peupIes.
964 2570 1005 2629 De
1029 2573 1113 2629 sorte
1135 2570 1212 2647 qu'il
1232 2572 1286 2649 n'y
1309 2591 1326 2631 a
1349 2574 1418 2632 rien

204 2695 243 2737 en
259 2677 338 2750 cela,
358 2677 413 2753 qui
430 2677 590 2736 combutta
611 2681 641 2734 et
662 2677 717 2752 qui
737 2694 777 2734 ne
791 2677 927 2735 l'avorise
943 2677 1049 2752 plutdt
1071 2678 1098 2736 le
1117 2678 1289 2738 sentiment
1306 2678 1344 2738 de
1360 2680 1418 2738 l'o-

208 2785 310 2863 rigine
327 2801 500 2843 commuue
515 2783 552 2842 de
572 2787 676 2842 toules
692 2783 738 2841 les
759 2783 887 2841 nations
904 2787 934 2842 et
952 2782 1046 2842 d’une
1065 2784 1181 2861 langue
1198 2785 1336 2844 radicale
1354 2787 1419 2862 pri-

209 2891 320 2951 mitive
341 2912 355 2944 u
373 2891 427 2966 (ᾖ).

248 2997 396 3056 Ceterum
412 2995 488 3054 huic
503 2995 648 3073 opinioni
664 2995 841 3054 Leibnitius
854 2997 887 3054 in
899 2996 1051 3057 omnibus
1067 2997 1217 3074 operibus
1231 2999 1297 3056 suis
1314 2991 1420 3058 indul*-

206 3108 258 3182 get
281 3121 341 3162 nee
361 3102 463 3162 ullam
487 3101 712 3179 praetermittit
735 3103 938 3161 riceasionem
967 3108 1032 3162 tam
1054 3101 1215 3164 discordes
1235 3104 1418 3182 linguarum

208 3211 332 3288 stirpes,
349 3209 518 3286 praecipue
535 3207 621 3286 quod
638 3208 676 3267 ad
692 3225 809 3267 vocum
824 3209 962 3286 origines
986 3208 1177 3287 detegendas
1192 3216 1324 3287 spectat,
1342 3213 1420 3271 assi-

205 3315 362 3377 mulandi.
386 3316 504 3375 lterum
527 3319 622 3393 atque
646 3315 764 3374 iterum
788 3315 821 3372 in
844 3315 906 3374 boc
925 3316 1045 3388 haeret,
1060 3316 1189 3376 easdem
1210 3336 1278 3377 esse
1302 3319 1421 3379 semiti-

206 3440 319 3484 corum
334 3426 429 3498 atque
444 3437 679 3498 europaeorum
695 3438 880 3480 sermonum
897 3421 1030 3494 radices,
1047 3440 1106 3482 nec
1122 3425 1197 3482 satis
1214 3424 1319 3495 habet,
1337 3420 1420 3488 hanc

239 3669 274 3732 (1)
293 3670 540 3735 but.‚1v,parsa‚
558 3683 583 3733 p,
603 3672 660 3719 aar.

242 3767 282 3828 (2)
296 3765 436 3812 Nouvecuae
456 3765 645 3824 3331311113
667 3765 710 3824 111,
730 3761 808 3827 chap.
834 3777 862 3823 u,
886 3763 901 3826 ς
923 3767 934 3812 1
960 3759 1012 3830 (ed.
1033 3764 1120 3823 13331,
1143 3765 1162 3824 1,
1189 3763 1421 3828 3183131-31

207 3862 326 3924 apparet,
352 3872 403 3909 non
430 3858 534 3908 dubitat
556 3857 702 3908 Leibnitius
725 3857 870 3908 concedere
895 3857 1055 3923 quibusdam
1079 3857 1285 3922 propinquitatis
1307 3854 1421 3908 vinculis

214 3956 316 4004 nostrae
330 3953 436 4020 linguas
450 3967 510 4005 cum
524 3953 635 4004 13331313
657 3954 816 4016 tartarisque
830 3951 998 4004 sermonibus
1019 3951 1158 4016 conjuctas
1172 3965 1230 4002 esse
1239 3967 1247 4014 ;
1265 3966 1314 4004 nec
1334 3955 1399 4002 satis
1414 3967 1420 4000 :

209 4048 284 4100 tacite
303 4049 373 4099 enirn
388 4050 410 4100 31
434 4061 540 4112 quoque
562 4048 658 4112 placet,
680 4046 791 4096 similem
814 4045 956 4110 quemdam
978 4058 1076 4095 nexum
1099 4059 1159 4097 cum
1176 4045 1274 4111 linguis
1291 4047 1421 4097 interioris

208 4143 320 4204 Africae,
344 4156 392 4194 nec
414 4155 466 4194 333
489 4143 623 4193 1131331333
645 4144 770 4192 statuere.
795 4139 937 4192 btorbofius
959 4139 1064 4205 quidem
1079 4139 1277 4200 animadvertit,
1293 4140 1421 4192 nonnulla

211 4242 294 4291 notari
310 4253 387 4305 posse
410 4238 548 4299 vocabula,
570 4250 638 4302 quae
660 4235 910 4300 septentrionalibus
928 4242 954 4286 et
969 4236 1126 4286 amaricanis
1149 4235 1247 4300 linguis
1269 4237 1421 4285 communia

211 4336 436 4396 essevideantur;
452 4338 479 4384 31
494 4332 573 4397 bujus
597 4331 776 4382 similitudinis
799 4332 937 4388 rationem,
961 4331 981 4379 si
1004 4343 1057 4394 qua
1079 4331 1217 4388 exstiterit,
1242 4331 1277 4378 ita
1292 4328 1370 4388 elicit,
1392 4332 1421 4378 31

210 4432 401 4497 antiquissimis
413 4428 577 4494 temporibus
588 4426 750 4478 Cimbrorum
763 4425 974 4490 Scytharumque
987 4427 1159 4490 migrationes
1172 4439 1203 4476 ea
1213 4425 1245 4476 ad
1257 4427 1421 4476 americauas

209 4542 268 4580 oras
280 4526 432 4586 detulerint,
453 4540 503 4578 non
519 4528 608 4576 autem
623 4525 713 4574 311313
728 4521 878 4586 linguarum
892 4534 989 4589 genera
1006 4522 1073 4572 iuter
1091 4534 1118 4572 33
1139 4521 1294 4587 aprincipio
1311 4519 1422 4570 tuissent

211 4626 325 4692 cognata
339 4621 420 4690 (Uet,
436 4625 466 4672 15
483 4624 508 4672 31
524 4619 593 4682 tut).
