3462 5452
881 606 1069 694 -9l-

365 761 508 850 lugiebat
528 769 607 849 quot
622 769 653 832 et
677 772 796 850 quanta
820 776 1020 852 argumenta,
1038 771 1077 832 ad
1100 763 1268 833 dicendam
1291 766 1483 852 germanicae
1511 763 1565 832 lin-

365 895 446 956 guae
459 895 588 938 eausam
606 879 683 939 mire
700 878 951 953 accommodate,
966 879 1040 940 inde
1057 897 1130 940 mox
1146 883 1252 940 essent
1276 880 1441 941 elicienda.

405 984 444 1044 At
462 987 554 1045 acute
576 985 672 1045 simul
695 986 908 1064 perspiciebat
930 1003 1026 1064 quam
1050 986 1219 1046 ternerario
1235 987 1369 1046 consilio
1387 986 1413 1046 is
1425 991 1564 1058 uteretur,

364 1090 422 1167 qui
439 1093 503 1150 tam
519 1090 658 1152 incertae
673 1096 703 1151 et
716 1095 803 1152 tanta
818 1091 1001 1153 infirmitate
1017 1092 1191 1153 laborantis
1205 1093 1282 1154 artis
1298 1093 1473 1154 subsidium
1485 1092 1565 1153 dere·

365 1201 461 1274 pente
478 1197 626 1258 invocare
641 1201 696 1258 aut
716 1198 937 1259 testimonium
957 1198 1120 1260 mediisin
1140 1198 1412 1278 disputationibus
1430 1217 1566 1280 praepro

364 1319 439 1379 pere
450 1302 638 1364 denuntiare
649 1304 814 1379 voluisset,
828 1309 860 1365 et
877 1305 998 1383 optimo
1009 1305 1093 1383 jure,
1106 1309 1142 1366 ut
1156 1307 1291 1368 certiora
1305 1310 1488 1387 argumenta
1500 1305 1566 1366 inde

363 1409 428 1488 peti
443 1413 585 1487 possent,
601 1410 633 1470 id
655 1428 729 1488 prae
745 1411 858 1472 ceteris
873 1409 1074 1472 efficiendum
1090 1411 1296 1485 existimavit,
1312 1416 1348 1474 ut
1371 1412 1441 1491 ejus
1463 1411 1565 1473 doctri-

362 1533 437 1576 nam
462 1520 493 1576 et
508 1516 593 1595 leges
610 1517 698 1594 prius
714 1535 781 1578 non
796 1535 834 1578 ex
855 1517 1041 1578 abstrusiori
1065 1519 1202 1595 quadam
1225 1521 1497 1598 argumentatione
1518 1523 1567 1580 aut

363 1623 582 1702 praejudicata
608 1629 639 1685 et
663 1625 831 1685 temeraria
856 1624 1113 1699 ratiocinatione,
1144 1624 1198 1686 sed
1226 1643 1264 1686 er
1295 1626 1364 1704 ipsa
1393 1627 1565 1705 linguarum

362 1730 586 1791 observatione
601 1733 633 1790 et
656 1731 779 1809 integra
798 1731 1047 1809 incorruptoque
1072 1748 1179 1793 rerum
1200 1731 1397 1809 experientia
1412 1732 1564 1810 colligeret

365 1853 401 1897 ac
415 1837 547 1898 llrmiter
561 1838 780 1899 constitueret.

403 1944 472 2004 lam
488 1942 526 2004 de
546 1944 615 2023 ipso
631 1945 862 2023 etymologicus
880 1945 942 2004 line
963 1945 1007 2005 ita
1028 1945 1143 2005 diserte
1163 1944 1301 2022 disserit,
1318 1950 1354 2007 ut
1374 1947 1493 2008 nullam
1509 1947 1566 2006 iere

362 2051 518 2128 potiorem
535 2051 633 2129 hujus
650 2051 838 2131 disciplinae
854 2051 1073 2112 definitionem
1096 2052 1289 2113 recentiores
1311 2053 1564 2154 excogitaverint3

363 2157 442 2237 quid
458 2158 542 2218 enirn
560 2157 620 2217 sibi
634 2157 673 2218 ad
689 2175 851 2219 summum
866 2174 1045 2236 proponere
1063 2162 1093 2218 et
1108 2175 1171 2235 qua
1187 2158 1307 2237 duplici
1322 2160 1374 2231 ria
1391 2159 1515 2221 tendere
1534 2177 1567 2220 ea

365 2263 488 2337 debeat,
505 2264 555 2324 his
571 2264 778 2325 lucidissimis
793 2264 898 2325 verbis
914 2264 1075 2325 ostendit:
1092 2288 1105 2320 «
1122 2264 1172 2326 Sie
1187 2264 1272 2326 kann
1287 2266 1363 2326 aber
1375 2268 1443 2327 auil
1452 2267 1567 2328 zweier·

363 2373 414 2451 ley
436 2373 491 2432 llrt
513 2372 691 2432 betrachtet
711 2372 852 2445 werden,
877 2371 1019 2446 erstlich,
1043 2388 1139 2431 wenn
1161 2389 1240 2432 oran¹
1259 2371 1314 2432 der
1329 2373 1567 2435 Siammwoerter

364 2481 529 2558 Ursprung
542 2479 640 2540 selbst
655 2479 874 2552 untersuehet‚
889 2477 956 2538 und
979 2477 1062 2538 auch
1082 2495 1139 2538 aus
1161 2476 1300 2540 anderen
1322 2480 1483 2558 Sprachen
1505 2479 1567 2540 her·

365 2587 526 2666 beyholet.
542 2587 619 2647 Zum
634 2586 766 2662 andern,
777 2603 872 2646 wenn
888 2601 961 2645 man
977 2583 1028 2644 die
1044 2584 1267 2662 llygenschallt
1278 2585 1568 2664 jeglieherWoerter

368 2694 400 2753 in
414 2693 628 2770 Betracbtung
647 2692 752 2753 ziehet
765 2692 832 2753 und
847 2690 915 2751 ihre
935 2689 1163 2770 Bedeutungen
1177 2690 1260 2750 nach
1277 2690 1338 2751 den
1352 2709 1440 2752 neun
1459 2693 1566 2769 Haupt·

364 2798 554 2877 theilungen
578 2798 634 2859 der
656 2797 741 2859 Rede
763 2797 830 2858 und
849 2796 947 2858 deren
971 2795 1165 2874 Abtheilung
1197 2795 1264 2856 und
1286 2795 1565 2858 Verwandtschallt

361 2908 509 2966 el'oel'ieli
528 2928 542 2960 n
561 2904 615 2984 (1).

402 3014 472 3072 Non
484 3012 576 3072 aliter
588 3011 626 3072 da
640 3028 676 3071 ea
688 3010 830 3070 sentiunt
845 3014 876 3070 et
887 3010 982 3089 plane
993 3009 1091 3071 simili
1104 3009 1198 3070 modo
1210 3009 1371 3087 duplicem
1386 3011 1457 3089 ejus
1472 3011 1560 3072 llnem

362 3118 548 3180 describunt
567 3118 753 3178 etiamnunc
774 3115 959 3193 peritissimi
980 3117 1162 3196 linguarum
1186 3117 1256 3192 viri,
1280 3133 1296 3177 e
1317 3116 1435 3194 quibus
1459 3115 1561 3179 Boeolr-

363 3227 453 3286 bium
469 3227 513 3302 (1)
530 3229 560 3285 et
576 3225 614 3284 M.
633 3224 820 3284 Muellerum
838 3225 883 3302 (3)
899 3224 1045 3285 citavisse
1060 3230 1108 3285 sat
1123 3222 1192 3285 erit.
1232 3295 1233 3300 ἵ

402 3332 476 3392 lllas
493 3334 598 3391 autem
615 3330 706 3390 binas
722 3329 905 3408 inquirendi
920 3330 1071 3404 rationes,
1088 3322 1234 3408 quamvis
1247 3335 1314 3392 arto
1329 3347 1416 3392 nexu
1442 3331 1522 3393 inter
1535 3343 1564 3390 se

359 3455 598 3516 nonnunquam
628 3437 829 3515 conjunctas,
858 3453 1019 3515 nusquam
1036 3440 1143 3498 tamen
1166 3439 1347 3516 promiscue
1373 3433 1564 3500 adhibendas

361 3590 1557 3608 ’suffla-ww

358 3696 569 3759 perscrutaretur
582 3695 729 3759 regionum,
754 3691 870 3753 urbium,
892 3690 1041 3753 lluvlorum,
1069 3693 1208 3752 montium,
1228 3693 1397 3758 populorum,
1422 3694 1564 3758 principum

359 3792 477 3852 nomino,
492 3789 665 3855 etymologica
689 3790 822 3853 praestare
845 3790 933 3852 posset
953 3782 1000 3846 (ul.
1020 3785 1176 3848 darer-erent,
1190 3789 1232 3847 29,
1247 3789 1340 3848 39-31,
1357 3791 1398 3849 19,
1414 3790 1454 3849 19,
1475 3785 1564 3842 diod.

360 3889 402 3947 81,
417 3889 474 3948 loo,
491 3887 621 3942 191199).
639 3884 695 3944 Quo
710 3881 816 3949 quidem
831 3881 961 3947 neglecto,
986 3881 1091 3932 Pezzius
1105 3881 1181 3933 sollto
1198 3895 1268 3933 more
1282 3881 1400 3934 bolbnltll
1422 3881 1512 3934 leudes
1527 3879 1564 3932 hio

358 3995 465 4050 quoque
478 3982 647 4049 prosequitur
666 3992 713 4032 nee
728 3979 814 4031 dicere
828 3977 931 4030 dubitat
948 3993 955 4028 r
973 3992 987 4025 1
1005 3975 1197 4044 L'importanoe
1211 3977 1354 4045 historique
1369 3977 1401 4030 do
1417 3977 1441 4031 la
1457 3977 1562 4045 linguls·

358 4078 431 4144 tique
444 4090 472 4128 se
486 4071 571 4128 emera
591 4073 606 4127 1
628 4089 674 4124 siro
700 4077 772 4125 ruste
787 4077 812 4125 et
829 4070 939 4138 prolond
953 4073 1056 4139 aspritr
1077 4071 1092 4123 ll
1110 4073 1147 4123 m
1159 4085 1211 4140 que
1231 4075 1284 4125 rien
1301 4086 1333 4126 uo
1348 4076 1411 4139 pout
1424 4074 1564 4140 remplacer

359 4171 397 4224 les
410 4170 521 4238 languor
535 4184 600 4237 pom·
614 4165 764 4224 ddnrontror
778 4168 813 4222 les
827 4169 942 4244 orlgines
952 4163 1085 4224 etrerelor
1099 4167 1122 4220 la
1137 4163 1244 4236 parenti
1259 4168 1305 4222 das
1320 4169 1437 4236 psoplu.
1448 4188 1465 4220 ι
1489 4167 1565 4222 intro·

358 4265 462 4319 ‹Irrclion
476 4267 491 4318 ι1
504 4262 598 4318 l'elode
611 4263 641 4315 de
659 4265 685 4316 tc
700 4263 795 4318 sciense
808 4262 841 4314 eiu
852 4263 972 4331 ronprpe.
989 4276 1015 4330 p.
1034 4264 1135 4324 11-19).

395 4362 430 4430 (1)
452 4360 608 4422 Unterrr‘rirt,
625 4363 684 4412 199.

392 4461 426 4524 (l)
445 4456 482 4510 cl.
503 4459 532 4510 1.
557 4455 662 4519 eccll,
684 4448 1152 4522 11111111111111111111191
1170 4447 1429 4524 derplrr'loloqiscten
1456 4448 1560 4508 monn«

359 4547 488 4623 rotoma,
504 4566 531 4622 p.
548 4552 596 4606 tlt
612 4562 671 4620 sqq.
1086 4611 1088 4620 ‚

392 4645 427 4732 11)
446 4646 483 4704 cl.
504 4649 537 4704 11.
554 4645 654 4716 titillor,
676 4641 810 4702 Nooostter
831 4641 915 4720 lepom
932 4655 978 4700 rur
998 4645 1024 4702 to
1045 4639 1140 4702 orienes
1152 4641 1186 4702 de
1199 4647 1320 4720 lonpcpr,
1332 4649 1352 4716 1,
1369 4644 1498 4708 tlt-tii·
