3462 5452
678 621 868 700 ..85-

152 773 390 837 Britannorum
414 773 512 837 luisse
527 773 858 856 semi-germanicam.
872 825 898 838 ..
922 799 936 831 υ
956 774 1009 856 (i).
1034 777 1151 842 Omnes
1166 774 1265 857 igitur
1283 772 1322 838 ab
1339 789 1376 838 eo

152 884 326 946 institutas
339 885 594 963 comparationes
610 885 649 946 ad
665 885 697 946 id
711 885 840 946 tendere
857 889 992 958 constat,
1012 888 1048 945 ut
1068 886 1216 946 celticam
1230 886 1375 965 linguam

153 1009 170 1052 e
190 993 382 1072 germanica
396 997 585 1070 prognatam
607 993 733 1054 evincat
750 998 782 1053 et
801 992 1056 1070 quamplurimas
1079 992 1208 1054 celticas
1225 1010 1319 1053 voces
1336 991 1376 1052 ad

153 1098 381 1178 germanicam
400 1099 555 1176 originem
571 1099 687 1160 referat
703 1098 759 1179 (ᾖ).

195 1208 267 1266 Nec
283 1224 316 1266 se
330 1205 473 1283 prolecto
494 1207 590 1266 nimis
610 1205 774 1266 difficilem
797 1207 831 1265 in
852 1205 1055 1266 conferendis
1071 1206 1154 1266 inter
1175 1225 1207 1266 se
1229 1207 1377 1284 quamvis

153 1312 375 1373 dissimilibus
389 1312 494 1372 verbis
509 1313 694 1390 praebuisse
711 1312 811 1374 videri
826 1312 930 1386 debet,
951 1331 1024 1373 oum
1046 1321 1086 1373 ad
1102 1314 1273 1391 plerasque
1288 1332 1377 1375 oom-

153 1419 344 1496 parationes
370 1419 583 1480 instituendas
606 1438 673 1480 non
705 1419 799 1480 modo
827 1420 1023 1498 integrorum
1048 1419 1293 1492 vocabulorum,
1321 1420 1376 1480 sed

155 1527 256 1588 etiam
281 1526 482 1604 singularum
504 1527 661 1604 cujusque
686 1526 835 1586 vocabuli
859 1526 1000 1603 partium
1025 1525 1273 1586 similitudinem
1297 1527 1373 1586 satis

154 1639 271 1712 aptam
283 1634 522 1705 existimaverit,
545 1651 592 1706 ac,
608 1635 633 1693 si
646 1633 723 1712 quid
738 1633 776 1692 ad
790 1650 994 1693 communem
1008 1633 1162 1711 originem
1177 1632 1377 1710 probandam

156 1741 311 1812 deluerit,
330 1739 501 1801 confestim
522 1741 554 1800 in
575 1741 733 1800 auxilium
754 1741 913 1799 vocaverit
927 1739 1002 1799 hinc
1018 1740 1271 1799 multiformium
1289 1757 1381 1817 prae-

157 1841 297 1906 fixorum
312 1847 564 1925 adjunctionem,
582 1847 672 1906 illinc
690 1847 853 1906 vocalium
873 1849 904 1904 et
918 1846 1166 1905 consonantium
1182 1852 1259 1905 tuuc
1276 1863 1379 1906 acces-

157 1954 287 2014 sionem
314 1958 369 2013 aut
381 1953 620 2025 detractionem,
642 1957 719 2012 tunc
741 1952 1009 2029 permutationem
1033 1956 1087 2010 aut
1104 1937 1376 2024 substitutionem,

158 2059 257 2121 modo
269 2060 448 2139 analogiam
463 2064 494 2120 et
507 2060 712 2129 allusionem,
727 2058 823 2118 modo
836 2058 1018 2117 antithesim
1032 2061 1062 2116 et
1073 2075 1089 2117 e
1099 2059 1258 2118 contrario
1270 2063 1376 2118 natam

159 2167 428 2245 significationem
444 2169 499 2243 (3);
518 2165 596 2244 quid
609 2166 733 2225 mulia‘l
756 2166 789 2224 in
803 2163 950 2242 expedito
965 2167 1013 2224 est
1025 2168 1091 2223 tota
1105 2163 1272 2236 salsorum,
1290 2181 1376 2224 more

159 2278 191 2334 et
205 2290 269 2332 usu
283 2271 485 2345 traditorum,
503 2276 766 2350 argumentorum
787 2271 900 2348 copia,
925 2287 1013 2341 nam,
1041 2274 1076 2329 ut
1101 2271 1167 2347 ipse
1190 2271 1378 2330 solennibus

159 2380 265 2440 verbis
277 2377 512 2451 animadvertit,
538 2403 552 2433 «
567 2379 645 2438 tales
658 2379 811 2437 transitus
828 2377 1009 2454 frequentes
1023 2381 1097 2436 sunt
1112 2377 1143 2436 in
1159 2378 1375 2454 etymologiis,
1467 2378 1470 2390 ¹

159 2488 256 2548 modo
272 2505 338 2546 non
355 2487 432 2545 fiant
446 2503 503 2565 per
518 2487 636 2546 salium
651 2509 664 2539 »
683 2483 736 2562 (ll.

200 2595 319 2654 Mutata
333 2597 441 2653 autem
454 2592 576 2670 lingua,
602 2593 653 2652 vix
669 2595 813 2650 mutatur
834 2590 1016 2669 inquirendi
1033 2591 1113 2650 ratio
1129 2595 1159 2650 et
1181 2591 1293 2651 eodem
1313 2593 1378 2652 sere

160 2701 297 2761 consilio
320 2699 360 2759 ad
382 2698 637 2777 investigandam
668 2698 933 2775 francogallioam
956 2697 1079 2757 accedit
1102 2698 1291 2772 leibnitius,
1315 2718 1378 2776 quo

157 2808 224 2885 jam
250 2804 438 2866 scrutandas
469 2805 597 2865 celticas
628 2804 781 2864 dialectos
803 2821 970 2881 aggressus
993 2810 1070 2864 erat.
1095 2805 1377 2876 Quemadmodum

159 2913 247 2972 enim
263 2910 415 2971 celticum
430 2908 709 2970 DaviesiiLectooa
725 2928 762 2970 eo
775 2911 882 2970 animo
898 2909 1114 2970 evolvendum
1131 2917 1325 2989 susceperat,
1341 2918 1378 2973 ut

160 3018 335 3098 germanici
351 3017 508 3077 sermonis
524 3018 597 3096 J'ura
613 3034 710 3095 quam
722 3017 897 3076 certissimo
912 3017 1127 3089 confirmaret,
1139 3017 1183 3076 ita
1196 3017 1377 3096 francogal-

160 3127 257 3186 licam
265 3125 408 3203 linguam
423 3123 606 3203 aggreditur
615 3129 646 3184 et
661 3124 735 3186 Ottii
747 3121 1023 3209 Franco-Galbam
1035 3125 1101 3184 suis
1114 3124 1377 3186 adnotationibus

161 3251 197 3294 eo
219 3237 347 3294 tantum
371 3231 506 3291 consilio
531 3229 630 3290 ditare
659 3231 803 3303 molitur,
828 3234 864 3290 ut
889 3235 962 3308 post
987 3233 1173 3309 ilungorum
1205 3233 1377 3310 ipsumque

160 3341 283 3405 Ottium
307 3339 402 3398 falsas
425 3338 699 3415 francogallorum
725 3339 770 3397 rei
793 3339 1025 3417 etyrnologioae
1050 3339 1269 3400 studiosorum
1290 3343 1376 3403 viro-

161 3464 233 3507 rum
248 3445 417 3522 opiniones
442 3443 592 3503 retnndat
615 3448 646 3504 et
669 3444 796 3516 Niootii,
821 3444 999 3517 Casenavii,
1029 3462 1104 3522 prae
1131 3447 1244 3506 ceteris
1269 3452 1375 3509 autem

162 3551 310 3630 blenagii,
334 3567 455 3610 errores
481 3550 607 3628 detegat
633 3550 686 3630 (5),
715 3551 769 3628 qui
794 3552 938 3628 proniori
965 3551 1070 3612 studio
1102 3553 1272 3633 plerasque
1300 3575 1375 3618 suae

163 3661 292 3739 linguae
306 3675 401 3718 voces
423 3676 461 3718 ex
484 3657 556 3717 aliis
571 3658 744 3718 romanicis
760 3658 879 3737 linguis
899 3663 954 3718 aut
979 3677 1092 3738 graeco
1117 3660 1284 3740 latinoque
1310 3681 1375 3724 ser-

162 3859 1368 3876 ———-—-——————.-—⁴—

192 3975 230 4044 (1)
249 3975 317 4028 Coll.
334 3979 424 4041 etym„
441 3978 473 4037 ll,
490 3980 537 4029 iii
553 3991 583 4020 =
600 3977 672 4037 out,
686 3977 728 4037 Vl,
744 3990 806 4041 pars
821 3979 846 4038 2,
861 3989 924 4042 pag.
942 3979 1000 4028 iao.

193 4073 229 4139 (2)
248 4071 395 4123 Fatendum
418 4075 458 4124 osi
479 4071 585 4137 quidem
605 4070 764 4122 Leibniiium
780 4072 806 4122 in
822 4083 854 4123 ea
875 4084 903 4122 re
924 4071 1015 4123 eodem
1040 4074 1143 4122 tunium
1166 4069 1287 4123 laborare
1301 4073 1373 4132 vitio,

162 4181 215 4233 quo
231 4169 382 4232 omnesqui
400 4166 443 4217 iiia
457 4170 543 4217 aetate
557 4169 582 4216 in
596 4169 736 4217 Germania
749 4166 940 4232 etymologicae
955 4179 1062 4231 operam
1078 4166 1180 4225 darent,
1197 4180 1256 4218 cum
1274 4167 1373 4218 nulium

162 4263 291 4322 invenias,
318 4275 352 4312 ne
373 4260 528 4314 Morbodum
552 4261 668 4326 quidem,
693 4263 737 4327 qui
759 4261 867 4314 celticas
891 4261 996 4328 linguas
1022 4275 1037 4313 a
1062 4265 1220 4328 germanicis
1251 4263 1374 4315 distincte

163 4357 333 4421 separaverit.

189 4441 229 4509 ·(3)
250 4443 286 4491 De
301 4454 409 4508 quoque
424 4443 535 4492 istorum
549 4455 667 4492 errorum
684 4455 780 4508 genere
796 4442 868 4493 varia
884 4455 944 4493 mox
959 4440 1094 4496 afferenda
1107 4446 1170 4494 sunt
1184 4444 1313 4509 exempla.

193 4539 231 4602 (i)
248 4538 322 4597 Dat,
337 4537 383 4597 Vl,
401 4549 463 4601 pars
477 4539 501 4597 2,
516 4549 542 4602 p.
558 4539 600 4587 64.

196 4630 227 4692 (a)
245 4627 322 4690 ibid,
335 4628 366 4690 V,
382 4629 423 4679 iii.
