3446 5452
669 674 703 692 -·
728 636 811 720 453
840 680 882 711 ..-

149 812 213 860 seu
227 790 266 860 da
280 791 480 860 emendanda
496 792 735 877 orthographia,
750 794 870 878 pariter
885 811 1050 860 summurn
1065 791 1222 876 cujusque
1238 787 1370 860 rationis

150 911 183 969 et
206 906 288 986 legis
314 908 531 984 contemptum
555 921 630 984 prae
647 922 679 966 se
699 906 814 978 terret;
834 904 930 968 alacri
954 904 1041 966 enim
1064 903 1237 983 subtilique
1257 903 1370 984 jocans

148 1012 298 1091 ingenio,
314 1029 370 1090 per
386 1011 505 1072 facetos
519 1011 600 1072 sales
613 1016 824 1090 protevasque
841 1011 992 1090 argutias,
1009 1015 1177 1088 praecepta
1192 1029 1250 1073 sua
1263 1010 1369 1072 lucide

149 1120 232 1179 satis
248 1117 422 1190 indicabat,
448 1135 484 1178 eo
498 1118 630 1180 demum
646 1117 819 1189 tendentia,
841 1124 876 1179 ut
898 1119 1006 1178 omnia
1029 1121 1267 1195 respuerentur,
1288 1137 1370 1196 quae

149 1226 259 1286 multo
275 1226 383 1286 labore
394 1230 505 1286 contra
520 1225 747 1288 increscentem
764 1226 1005 1305 corruptionem
1019 1228 1197 1286 tentaverat
1213 1229 1243 1285 et
1264 1223 1371 1286 edixe-

148 1336 199 1395 rat
218 1332 382 1410 Frugitera
398 1332 549 1393 Societas

191 1439 334 1500 Weisins
348 1438 488 1510 tandem,
505 1443 676 1516 postquam
695 1456 770 1499 curn
786 1438 966 1499 accerrimis
984 1438 1154 1499 satirarum
1175 1438 1278 1516 poetis
1294 1455 1371 1498 con-

149 1547 300 1607 cinuerat
325 1547 358 1605 in
380 1545 604 1606 commenticia
625 1547 745 1616 tabula,
767 1563 848 1624 quae
864 1545 1049 1606 inscribitur
1065 1563 1071 1604 :
1086 1543 1143 1604 Dic
1159 1542 1226 1604 aret
1240 1553 1369 1624 aerqsten

148 1651 279 1714 Narrca
303 1675 330 1724 u,
356 1654 463 1713 mssnax
488 1653 664 1714 admodum
684 1658 716 1712 et
742 1652 936 1714 metuendus
957 1653 990 1712 in
1019 1652 1193 1713 serioribus
1220 1653 1370 1731 operibus

149 1761 338 1838 apparebat.
356 1761 426 1819 Non
442 1745 535 1819 modo
550 1760 634 1820 enim
649 1761 681 1818 in
695 1760 755 1832 his,
772 1778 853 1837 quae
869 1759 908 1819 ad
923 1759 1151 1820 instituendam
1165 1762 1368 1838 juventutem

150 1867 325 1938 scribebat,
347 1867 522 1944 opusculis
546 1870 615 1926 tum
636 1867 794 1944 patefacta
816 1866 902 1926 haud
930 1867 1079 1945 ambigue
1103 1869 1368 1941 sententiatum,

151 1991 191 2034 ac
220 1973 426 2051 potissimum
449 1972 592 2050 quidem,
616 1973 685 2050 ipsa
713 1974 866 2034 orationis
892 1992 969 2034 suae
990 1975 1103 2047 forma,
1130 1975 1312 2034 ostentabat
1337 1993 1369 2035 se

151 2082 288 2142 omnino
315 2085 518 2141 contemnere
540 2081 663 2152 inanes
687 2084 723 2140 ut
749 2079 886 2152 dicebat,
912 2081 1094 2141 istiusmodi
1124 2083 1369 2155 controversias,

151 2188 209 2250 sed
225 2187 354 2247 fastidio
368 2188 463 2247 etiam
478 2205 634 2265 nugarum
650 2204 728 2263 quas
742 2187 866 2247 ridebat
880 2188 984 2265 magis
1001 2189 1165 2266 magisque
1184 2189 1217 2248 in
1241 2188 1307 2248 dies
1330 2188 1371 2248 ad

151 2294 377 2356 lacessendum
404 2294 567 2372 agebatur,
593 2311 666 2352 mox
692 2293 730 2352 ad
756 2293 788 2352 id
809 2298 974 2364 venturus,
1004 2299 1049 2366 ut,
1075 2295 1215 2372 quaeda
1237 2297 1370 2356 veritate

150 2401 421 2479 repraesentanda
442 2401 604 2472 docuerat,
620 2401 660 2460 ad
682 2418 776 2460 usum
794 2401 922 2479 linguae
939 2402 1039 2478 ipsius
1055 2401 1315 2462 accommodaret
1334 2421 1370 2463 ac

153 2509 276 2568 directe
288 2509 416 2586 juberet
436 2513 565 2567 externa
585 2525 731 2584 quaeque
750 2508 897 2584 usurpari
920 2508 1089 2580 vocabula,
1114 2509 1288 2585 praecipue
1302 2509 1371 2586 gal-

151 2617 227 2688 lica,
253 2633 319 2675 non
346 2613 440 2674 modo
468 2614 500 2673 in
529 2615 633 2674 soluta
656 2615 810 2684 oratione,
838 2613 892 2674 sed
921 2615 1017 2674 etiam
1047 2615 1079 2673 in
1110 2615 1318 2684 carminibus
1333 2632 1371 2674 ea

153 2728 279 2784 tantum
297 2723 448 2800 imposita
473 2721 667 2794 conditione,
685 2745 699 2775 (ι
723 2738 796 2780 man
813 2721 895 2780 tasse
920 2721 988 2780 sich
1011 2720 1117 2780 niehts
1135 2720 1293 2794 mercken,
1323 2721 1370 2780 als

152 2847 250 2889 wenn
273 2846 347 2888 man
371 2833 468 2888 etwas
491 2828 547 2887 mit
569 2828 667 2887 Fleiss
693 2827 858 2898 affectirte,
875 2826 941 2885 und
966 2827 1013 2886 als
1029 2844 1123 2886 wenn
1140 2827 1190 2887 die
1205 2829 1370 2906 Woertgen

152 2935 275 2995 nichtd
290 2933 320 2992 tu
333 2932 508 3014 neptipcme
521 2933 723 3012 beygeialien
738 2950 854 2992 waeren
871 2956 885 2986 n
902 2931 957 3011 (t).

193 3041 281 3113 Quae
298 3041 396 3119 igitur
414 3045 498 3100 recte
516 3044 546 3100 ct
571 3039 660 3110 scite,
686 3042 849 3116 assumpto
865 3044 975 3098 tamen
996 3056 1233 3115 nonnunquam
1260 3039 1369 3116 atiquo

153 3146 274 3218 deri'su,
299 3146 443 3205 obtinere
466 3145 583 3204 sensim
607 3145 784 3222 contigerat
805 3145 881 3202 viris
905 3145 1130 3222 expurgandae
1153 3145 1281 3222 linguae
1303 3150 1370 3205 stu-

153 3253 265 3324 diosiS,
284 3269 321 3311 ea
336 3252 390 3310 alii
403 3252 482 3328 J'am,
499 3251 601 3310 nimio
613 3251 871 3310 inconsultorum
887 3251 1134 3310 reformatorum
1149 3251 1255 3310 studio
1271 3251 1370 3311 deter-

89 3409 92 3414 .
153 3362 218 3434 riti,
235 3359 290 3418 vix
311 3359 392 3418 tueri
415 3356 575 3418 audebant
594 3362 650 3417 aut
671 3357 804 3416 omnino
820 3353 1037 3429 deseruerant,
1058 3358 1113 3416 alii
1130 3357 1310 3418 vehementi
1330 3357 1369 3416 ad

154 3466 315 3527 contraria
337 3466 459 3542 impetu
486 3465 575 3536 moti,
596 3465 737 3544 praecise
757 3465 916 3543 negabant
931 3469 961 3524 et
981 3465 1126 3525 funditus
1142 3468 1281 3525 evertere
1297 3483 1369 3525 con-

153 3573 339 3633 tendebant.
371 3571 524 3632 Morhoiio
549 3575 580 3630 et
606 3571 764 3630 Leibnitio
789 3569 877 3630 laudi
905 3575 952 3630 est
976 3571 1130 3643 dandum,
1159 3572 1245 3648 quod
1273 3573 1368 3632 ambo

154 3681 238 3740 inter
258 3697 291 3738 se
306 3682 519 3756 repugnantes
541 3682 645 3755 partes
661 3695 816 3754 exaequo
835 3682 1023 3754 temperare,
1046 3682 1086 3751 et,
1113 3679 1138 3738 si
1163 3678 1240 3756 quid
1261 3679 1369 3739 incon-

154 3787 240 3847 cussi
257 3803 296 3845 ex
320 3785 382 3844 hoc
401 3783 553 3843 diuturno
570 3785 743 3844 certamine
757 3784 948 3862 emergebat,
963 3784 995 3843 id
1012 3802 1136 3844 servare
1152 3788 1227 3844 sunt
1248 3786 1365 3845 conati.

195 3892 368 3952 Morhoiius
401 3891 545 3968 proiecto
582 3891 707 3967 saepius
744 3891 883 3951 advectis
915 3891 949 3950 in
978 3892 1123 3969 linguam
1149 3893 1368 3969 germanicam

153 3997 332 4078 peregrinis
352 3997 517 4057 vocabulis
540 3997 724 4057 adversatus
747 4002 824 4070 erat,
848 4015 946 4075 quam
961 4002 997 4058 ut
1013 3999 1174 4060 dubitaret
1196 4017 1249 4060 eos
1269 4001 1369 4062 incre-

153 4123 242 4185 pare,
268 4105 323 4182 qui
347 4122 457 4176 rursus
484 4105 643 4182 quaslibet
669 4108 814 4164 externas
838 4123 932 4164 voces
959 4105 1142 4183 promiscue
1165 4108 1367 4186 accipiendas

154 4230 223 4273 esse
242 4211 482 4271 arbitrarentur.
507 4211 654 4270 Firmiter
668 4211 765 4290 igitur
777 4211 817 4270 iis
831 4213 999 4284 consentit,
1022 4213 1076 4289 qui
1093 4214 1180 4273 omni
1195 4215 1368 4292 peregrini·

187 4458 225 4524 (t)
244 4457 375 4508 Christian
389 4459 511 4510 Weiscns
529 4459 642 4509 Curioese
653 4459 803 4510 Geduncten
816 4477 864 4510 vota
878 4462 1016 4513 neatscten
1034 4464 1125 4513 Ver-sen
1139 4463 1269 4530 (Veriegts
1283 4467 1306 4516 J.
1324 4467 1365 4516 rr.

154 4553 297 4614 Gieditsotr,
316 4557 390 4614 1693,
405 4554 494 4620 in-80),
510 4568 537 4619 p.
554 4557 612 4604 itt.
631 4581 657 4592 -
678 4556 785 4626 [Priora
800 4569 869 4626 quae
884 4569 954 4613 anno
971 4560 1035 4613 1692
1051 4558 1113 4614 datu
1126 4557 1184 4624 tuit,
1199 4558 1313 4612 editione
1327 4560 1365 4611 uti

155 4662 207 4703 non
220 4648 314 4718 licuit]
