3462 5452
719 599 939 677 -la-·

208 767 304 815 sensu
315 749 463 817 concedit
479 751 636 833 quosdam
648 756 786 833 populos
803 771 869 813 esse
886 779 899 808 «
911 772 950 813 cn
965 751 1038 813 Asia
1052 749 1206 831 petendos
1222 778 1248 829 a,
1265 753 1309 816 ita
1324 771 1423 816 unam

209 863 357 922 omnium
373 863 558 941 linguarum
573 866 710 921 matrem
726 860 908 938 Scythicam
924 861 1015 938 ponit
1027 878 1086 920 nec
1102 862 1204 921 ullam
1228 863 1324 922 aliam
1342 863 1370 923 ei
1392 865 1425 922 in

209 974 353 1029 mentem
369 970 493 1029 venisse
505 968 712 1046 judicaveris,
730 985 804 1027 cum
820 966 961 1044 quodam
980 965 1087 1026 Brevis
1108 965 1336 1047 Designationes
1352 969 1423 1029 loco

208 1079 302 1136 notat
316 1099 330 1130 a
344 1093 402 1153 por
414 1091 564 1152 magnam
574 1074 767 1134 continentis
778 1073 879 1132 nostri
894 1076 1018 1150 partem
1032 1071 1156 1152 linquae
1168 1071 1331 1154 cujusdam
1345 1073 1425 1132 unti-

207 1199 287 1260 quue
303 1179 448 1239 latissime
461 1179 550 1258 [usuc
568 1179 702 1257 vestigia
719 1180 752 1238 in
768 1179 887 1256 linguis
904 1179 1126 1255 praesentibus
1150 1196 1331 1256 superesse;
1350 1197 1424 1239 cum

207 1286 313 1346 multa
327 1285 390 1345 sint
405 1284 572 1357 vocabula,
586 1303 668 1362 quae
682 1283 755 1343 inde
769 1285 808 1343 ab
822 1284 948 1344 Oceano
961 1284 1144 1345 Britannico
1158 1284 1198 1343 ad
1215 1302 1317 1361 usque
1329 1286 1425 1362 tapo-

207 1394 322 1452 nicum
336 1391 574 1470 protenduntur
589 1391 632 1470 (1)
645 1414 671 1450 a.
688 1393 750 1450 Nec
765 1395 944 1468 repugnant
959 1408 1040 1467 quae
1058 1391 1178 1450 multos
1193 1396 1267 1467 post
1279 1409 1380 1450 annos
1391 1392 1425 1451 in

208 1499 293 1558 libro
318 1495 492 1557 Nouvcuoc
515 1496 623 1556 Essois
646 1497 799 1574 inscripto
822 1496 972 1574 reperias.
1004 1499 1177 1573 Postquam
1202 1496 1287 1555 enim
1313 1495 1425 1557 eadem

209 1605 356 1677 omnino,
373 1622 454 1681 quae
471 1604 505 1663 in
521 1601 612 1662 Brevi
626 1601 855 1682 Desiqrralionc,
872 1602 987 1680 gallice
1007 1606 1133 1661 tantum
1154 1602 1319 1674 translata,
1333 1619 1424 1680 repe-

207 1712 270 1784 tiit,
287 1711 391 1770 varias
407 1711 440 1769 in
453 1710 525 1769 latis
542 1709 800 1787 septentrionalis
824 1711 968 1786 Europae
984 1714 1015 1768 et
1029 1709 1121 1768 Asiae
1132 1709 1318 1786 regionibus
1335 1727 1423 1787 spar-

207 1837 260 1879 sas
275 1817 401 1895 linguas
416 1835 481 1876 uno
497 1816 649 1893 adspectu
671 1817 870 1892 completius³
892 1816 1028 1876 smnicae
1051 1834 1192 1893 quoque,
1212 1815 1418 1896 hungaricae,

208 1923 287 2002 quid
300 1923 430 1982 multa‘l
445 1922 568 1982 cunctis
587 1923 744 1983 tartaricis
769 1923 888 2000 linguis
908 1920 1065 1995 eamdem,
1083 1939 1181 2000 quam
1194 1925 1308 1983 ceteris
1324 1925 1424 1984 Euro-

210 2031 311 2108 paen,
329 2030 487 2107 originem
502 2029 614 2088 tribuit
629 2029 806 2107 scythicam
821 2030 875 2107 (ἓ).
1033 2015 1035 2020 ⁴

251 2137 425 2198 Morholius
441 2154 581 2213 quoque,
598 2141 634 2196 ut
651 2137 719 2214 jam
741 2153 836 2212 supra
859 2135 981 2195 dictum
997 2140 1054 2207 est,
1074 2135 1247 2212 quamdam
1265 2143 1423 2197 memorat

209 2244 349 2322 priscam
365 2242 577 2321 linguam-ex
595 2260 658 2319 qua
675 2243 891 2302 recentiorum
907 2258 1053 2319 quaeque
1072 2242 1248 2317 peculiaria
1263 2243 1421 2319 quaedam

207 2349 634 2422 retinuerit‚accuratissime
650 2354 757 2408 autem
773 2354 1009 2420 cavet,neean1
1024 2349 1179 2424 permixte
1193 2366 1268 2408 cum
1279 2350 1422 2428 scythica

210 2457 368 2534 implicet;
385 2456 497 2527 immo,
510 2472 586 2515 cum
599 2472 671 2515 eam
682 2455 808 2533 jamdiu
821 2455 978 2515 interiisse
994 2455 1155 2514 existimet
1169 2460 1199 2514 et
1210 2457 1422 2518 recentiorem

210 2582 372 2645 quamque
388 2564 560 2642 separatim
575 2582 612 2623 ac
623 2582 680 2642 pro
693 2567 781 2642 parte
798 2583 855 2624 sua
871 2568 973 2624 ortam
994 2568 1024 2624 et
1047 2569 1175 2624 auctam
1191 2582 1259 2625 esse
1280 2572 1419 2641 censeat,

208 2673 387 2752 scythicam
411 2671 471 2731 sibi
495 2671 719 2731 tantummodo
744 2676 909 2748 tamquam
934 2671 1198 2748 antiquissimum
1220 2678 1421 2747 cunctarum,

209 2797 291 2858 quae
302 2795 479 2856 europaeae
491 2776 653 2851 dicuntur,
662 2778 783 2839 iontem
798 2778 888 2855 fingit
902 2778 956 2856 (3),
967 2795 1039 2837 eam
1053 2783 1161 2838 autem
1174 2783 1203 2838 et
1213 2779 1372 2856 persicam
1386 2798 1423 2841 ea

209 2887 333 2947 ratione
349 2888 499 2964 cognatas
515 2884 614 2944 luisse
630 2885 811 2958 arbitratur,
828 2891 864 2945 ut
879 2885 1032 2964 scythica,
1044 2885 1094 2945 vel
1109 2887 1216 2963 potius
1227 2889 1421 2965 germanica,

209 2994 307 3054 exiis
329 2993 526 3070 regionibus,
551 2992 674 3052 scilicet
698 2993 772 3053 Asia
792 2992 955 3066 interiore,
991 2993 1031 3052 sit
1056 2993 1205 3070 petenda,
1227 2995 1282 3054 ubi
1300 2997 1423 3073 persica

209 3116 338 3178 quoque
353 3099 495 3177 primum
511 3099 677 3172 exstiterit,
688 3099 822 3159 minime
838 3104 958 3172 autem,
969 3099 1169 3160 Leibnitiano
1185 3108 1424 3175 more,conten·

210 3207 267 3280 dit,
283 3206 441 3284 persicam
462 3205 529 3264 ullo
545 3209 688 3282 tempore
711 3224 730 3265 a
751 3205 894 3284 scythica
920 3207 1094 3285 impulsam
1119 3213 1149 3268 et
1171 3209 1321 3270 inflexam
1341 3229 1421 3286 esse,

209 3318 276 3387 aut,
292 3311 379 3391 quod
393 3312 549 3373 Leibnitio
570 3312 703 3373 demum
722 3314 848 3391 placere
860 3313 996 3387 videtur,
1010 3315 1048 3373 ab
1063 3333 1099 3374 ca
1119 3316 1275 3394 originem
1292 3317 1418 3396 ducere.

249 3419 432 3499 Scythicam
448 3419 545 3497 igitur
560 3419 716 3497 linguam,
734 3420 881 3480 omnium
895 3438 1129 3499 europaeorum
1146 3441 1332 3485 sermonum
1352 3443 1422 3486 ma-

206 3531 300 3599 trem,
316 3524 489 3586 blorhofius
509 3510 543 3584 in
564 3530 627 3585 tres
650 3527 839 3604 praecipuas
862 3526 1016 3587 dialectos
1040 3527 1175 3589 dividit:
1196 3531 1335 3607 primam
1350 3551 1420 3610 ger-

208 3632 505 3711 manico-gotiam,
522 3650 604 3710 quae
617 3632 682 3693 lere
696 3633 779 3693 nihil
794 3633 882 3693 aliud
894 3635 1007 3694 sitnisi
1022 3635 1090 3713 ipsa
1105 3637 1247 3716 scythica
1261 3657 1268 3713 ;
1287 3640 1421 3702 alteram

209 3741 369 3813 celticam,
386 3739 478 3799 initio
496 3757 515 3798 a
538 3741 722 3818 germanica
736 3741 789 3800 vix
803 3741 1051 3820 discrepantem;
1075 3745 1201 3806 tertiam
1215 3750 1421 3826 graeco-lati-

209 3867 285 3912 nam
301 3849 355 3929 (l).
373 3848 572 3926 Propositam
588 3847 685 3928 igitur
696 3847 890 3929 jamdudum
903 3867 922 3910 a
933 3849 1114 3913 Boxhornio
1129 3851 1314 3932 linguarum
1325 3873 1341 3916 e
1354 3873 1423 3937 scy-

209 3957 296 4020 thica
316 3954 527 4020 oriundarum
550 3954 810 4018 distributionem
830 3955 1014 4032 Morhoiius‚
1039 3961 1074 4020 ut
1096 3959 1162 4040 ipse
1184 3961 1322 4042 ingenue
1346 3981 1421 4044 pro·

210 4065 328 4141 litetur,
351 4062 509 4144 integram
524 4063 670 4140 assumit,
696 4062 759 4127 hoc
778 4067 906 4128 tantum
928 4064 1076 4145 pluribus
1096 4067 1200 4131 verbis
1219 4069 1418 4153 praedicans,

210 4237 1413 4268 Qun-Qunam*-

244 4359 279 4430 (t)
297 4359 367 4426 Dal..
381 4363 422 4425 lv,
439 4377 500 4430 para
514 4366 538 4428 i,
554 4379 580 4432 p.
597 4363 654 4420 nr.

240 4459 276 4528 (l)
293 4458 434 4512 Nouaenac
446 4454 542 4524 assata,
558 4456 589 4515 dd
612 4461 698 4529 tanet,
712 4457 732 4524 l.
747 4461 879 4531 acerram
897 4459 966 4530 cat..
983 4458 1023 4530 vl,
1039 4475 1100 4536 pale
1115 4468 1139 4534 l,
1154 4480 1180 4538 p.
1197 4466 1258 4538 let.

244 4555 279 4620 (dl
294 4553 363 4621 W..
380 4558 423 4610 ‘fla

244 4649 281 4724 (d)
295 4643 370 4720 did..
387 4649 428 4709 ddi
