3446 5452
664 613 876 684 -169-

160 764 295 838 oportet
308 778 377 821 eam
390 761 550 839 extemplo
569 778 587 820 a
608 761 709 822 doctis
723 765 754 821 et
775 761 949 839 ingeniosis
965 761 1053 833 viris,
1069 766 1106 822 ut
1120 762 1341 822 Neumeistero
1356 764 1387 820 et

158 867 340 939 Hunoldi0,
365 871 539 944 acceptam,
560 885 687 927 summa
700 867 813 946 gralia,
830 871 997 943 tamquam
1013 891 1027 921 α
1039 872 1245 945 praeceptum
1263 867 1386 927 incom-

155 973 341 1050 parabile»
368 973 465 1051 (diese
501 973 795 1052 unvergleicbliohe
822 973 942 1050 Regel),
972 972 1058 1050 apud
1085 974 1172 1050 ipsos
1198 974 1385 1051 superstites

157 1081 391 1159 Pegnesienses
404 1082 549 1141 Pastores
563 1081 713 1153 valuisse,
731 1079 810 1157 quin
826 1079 922 1138 etiam
937 1079 976 1139 ab
991 1079 1143 1153 Omeisio,
1162 1080 1258 1140 solito
1276 1085 1384 1140 tamen

156 1186 308 1246 Morbofii
326 1186 547 1264 compilatore,
563 1204 639 1246 suae
653 1210 668 1241 «
682 1184 824 1246 Poeticae
838 1209 852 1239 »
879 1185 1066 1264 adjunctam
1081 1202 1149 1246 esse
1164 1187 1221 1262 (l).

200 1293 313 1370 ltaque
329 1291 534 1353 vehementer
549 1293 609 1352 ista
625 1292 743 1352 iterum
757 1296 852 1369 atque
872 1292 986 1351 iterum
1010 1292 1180 1369 impugnat
1197 1291 1382 1364 Morholius,

160 1417 248 1476 quae
273 1400 389 1459 merito
412 1400 537 1459 cunctis
558 1416 693 1477 poeseos
716 1398 866 1477 operibus
888 1399 1039 1459 atrociter
1060 1399 1177 1458 minari
1198 1400 1383 1472 arbitratur,

158 1525 224 1568 nec
243 1507 414 1567 immotum
440 1487 734 1583 Weisium'ipsum
758 1506 926 1582 reliquisse
953 1504 1098 1578 videtur3
1130 1506 1249 1584 quippe
1272 1506 1327 1584 qui
1351 1507 1384 1566 in

159 1613 395 1691 posterioribus
429 1613 580 1690 operibus
608 1613 718 1672 omnia
745 1611 928 1671 dubitanter
956 1613 1057 1688 magis
1083 1613 1277 1686 tractaverit,
1301 1631 1384 1691 quae

160 1724 259 1779 antea
273 1722 362 1777 tanta
376 1718 510 1778 audacia
524 1719 730 1796 negavisset(
752 1724 774 1793 l.

201 1828 289 1898 Quae
305 1826 403 1904 igitur
418 1826 451 1885 in
474 1826 661 1884 universum
684 1822 842 1884 scribendi
866 1824 981 1883 rationi
999 1824 1193 1884 conveniant
1208 1823 1382 1884 Morhotius

160 1933 364 2012 aprincipio
393 1932 560 1992 constituit
585 1936 615 1992 et
639 1937 701 1991 tres
730 1931 918 2009 praecipuas
946 1949 1013 1991 esse
1042 1933 1200 2010 cujusque
1225 1933 1381 1992 orationis

158 2040 296 2099 virtutes
310 2039 412 2116 ponit,
430 2037 559 2098 easdem
569 2037 725 2115 proiecto,
741 2036 828 2115 quod
843 2055 909 2097 non
924 2038 1016 2097 aliter
1029 2042 1096 2097 erat
1112 2038 1375 2116 exspectandum,

160 2147 300 2225 quaein
327 2146 450 2207 cunctis
475 2146 563 2204 illius
588 2145 701 2205 aetatis
732 2167 746 2199 «
761 2145 895 2204 Poeticis
914 2167 928 2197 »
956 2144 1056 2204 terme
1082 2145 1287 2222 reperiuntur
1308 2149 1339 2205 et
1364 2164 1383 2205 a

160 2253 332 2325 Leibnitio,
370 2270 427 2330 pro
455 2251 540 2310 virili
566 2256 666 2329 parte,
699 2255 773 2310 sunt
798 2249 945 2310 laudatae
969 2268 975 2309 :
1002 2251 1125 2310 scilicet
1150 2251 1378 2329 integritatem,

161 2360 354 2431 claritatem,
372 2359 564 2437 elegantiam
579 2359 633 2436 (3).

201 2467 239 2524 At
255 2464 305 2524 his
319 2465 408 2542 poesi
429 2465 526 2524 simul
548 2468 578 2525 et
601 2465 725 2524 solutae
748 2463 885 2523 orationi
903 2463 1092 2522 necessariis
1108 2463 1281 2522 virtutibus
1297 2463 1378 2522 aliae
1473 2510 1478 2522 .

160 2576 325 2651 praeterea
338 2572 426 2649 poesi
442 2571 590 2648 propriae
607 2574 682 2630 sunt
695 2569 934 2630 adscribendae.
950 2569 1101 2629 «Habent
1115 2569 1259 2629 carmina
1275 2586 1378 2642 suam,

158 2684 195 2740 ut
209 2680 253 2738 ita
267 2678 383 2750 dicam,
400 2678 597 2755 peculiarem
614 2677 770 2755 linguam,
793 2677 858 2735 imo
874 2680 904 2736 et
920 2676 1186 2750 Grammaticam3
1206 2681 1381 2737 occurrunt

159 2789 212 2848 hic
224 2787 331 2857 verba,
348 2786 491 2864 phrases,
503 2785 773 2856 constructiones,
791 2783 911 2860 figurae
924 2784 1015 2842 nullo
1029 2781 1127 2843 modo
1143 2784 1267 2846 Oratori
1285 2802 1378 2845 usur-

160 2894 284 2973 pandae
302 2917 369 2952 »....
400 2916 414 2948 a
429 2892 580 2952 Ceterum
607 2891 703 2951 verba
723 2889 893 2968 quaedam,
917 2893 948 2948 et
971 2908 1065 2950 voces
1090 2891 1123 2949 in
1149 2909 1182 2951 se
1207 2896 1378 2968 spectatae,

159 3000 388 3078 suntpoeticae
404 2999 545 3075 solisque
561 2997 665 3058 Poetis
679 2995 910 3073 relinquendae
921 3018 951 3056 ».
965 3041 971 3057 .
985 3021 1014 3056 ‚a
1032 2997 1085 3056 Est
1100 3001 1129 3056 et
1144 2997 1207 3058 alia
1221 2998 1380 3059 membro-

160 3123 233 3167 rum
249 3109 279 3165 et
293 3103 417 3182 periodi
435 3107 595 3163 structura
611 3126 626 3157 »
644 3107 697 3180 ql).

198 3213 360 3291 Inprimis
376 3217 482 3272 autem
498 3212 598 3272 multo
612 3211 725 3288 purior
739 3209 957 3271 observandus
976 3215 1022 3270 est
1047 3211 1080 3269 in
1098 3213 1186 3290 poesi
1205 3213 1377 3273 verborum

190 3570 226 3630 (l)
245 3571 411 3632 llobersteiu,
424 3572 575 3633 Gruadriss,
592 3575 615 3624 t.
627 3573 682 3635 ed,
698 3577 782 3636 lara,
800 3579 856 3626 not.
868 3579 911 3626 21.

191 3664 225 3730 (2)
245 3665 282 3716 Gt.
303 3667 432 3730 Borinski,
458 3669 504 3718 Die
525 3669 612 3718 Poetilr
635 3670 681 3719 der
702 3670 878 3734 lienoirraace,
895 3686 921 3737 p.
938 3674 997 3722 336.
1024 3699 1053 3708 -
1078 3673 1137 3722 lam
1156 3671 1277 3736 oprimis
1299 3671 1377 3721 annis

158 3761 333 3826 inauguratae
352 3762 484 3815 flostochii
500 3766 612 3815 Poeseos
630 3765 802 3817 professionis
821 3765 999 3825 academicae,
1023 3767 1184 3832 saepiusque
1207 3769 1300 3831 postea
1314 3777 1375 3816 oum

157 3855 252 3906 llilonii
267 3856 361 3908 docere
374 3860 465 3923 coepu,
481 3859 604 3924 publicas
617 3859 652 3909 De
668 3861 823 3926 Differeniia
834 3862 900 3926 styli
910 3862 1006 3926 poetici
1020 3863 1045 3910 et
1059 3862 1174 3910 oratorii
1184 3859 1376 3926 praelectiones

158 3946 289 4000 babuerat
301 3950 464 4012 Morbotlus;
480 3965 511 4004 eo
524 3954 582 4018 ipso
595 3966 675 4015 anno,
692 3968 745 4020 quo
763 3957 952 4006 iustitutionem
968 3955 1072 4012 edebat,
1089 3969 1182 4006 rursus
1197 3955 1232 4003 De
1247 3954 1374 4020 Differa-

157 4042 193 4092 tia
208 4045 342 4093 oratoriae
357 4049 382 4094 el
392 4047 508 4110 poeticae
524 4047 645 4097 dictionis
660 4048 765 4112 publica
785 4050 910 4101 disseruit
932 4053 959 4101 et
986 4050 1017 4100 de
1037 4050 1130 4102 eadem
1149 4062 1176 4101 ra
1190 4052 1298 4115 insuper
1311 4051 1373 4101 Pro·

157 4151 278 4203 gramma
292 4139 474 4192 academicum
487 4141 679 4206 publicaverat.
692 4143 729 4194 Ct.
742 4145 864 4210 Mordofii
880 4145 938 4195 Vita
950 4148 975 4195 et
989 4146 1097 4195 honores
1110 4142 1154 4207 (ad
1169 4146 1269 4198 calcem
1283 4144 1375 4196 editio·

160 4233 199 4282 uis
212 4233 331 4296 ejusdem
347 4234 561 4285 Dissertationum
576 4237 783 4287 academicorum
795 4242 821 4289 et
834 4241 1049 4304 epr'stolr'carum),
1063 4253 1089 4304 p.
1109 4241 1148 4299 lt,
1160 4241 1190 4290 N.
1206 4240 1237 4295 x.
1253 4241 1295 4300 lll,
1309 4239 1372 4302 ¹113

158 4329 199 4388 2⁰,
213 4329 245 4378 N.
259 4329 376 4392 lllllllV5
394 4332 436 4390 al,
451 4332 483 4380 N.
498 4332 585 4382 xxxv
596 4335 624 4382 et
638 4332 753 4394 Mueller,
771 4332 887 4383 Cimbria
901 4335 1034 4397 litterata,
1051 4337 1096 4397 lll,
1110 4337 1156 4386 iol
1171 4336 1198 4386 et
1210 4338 1269 4386 485.

188 4421 223 4487 (³)
246 4423 608 4488 quamtumcumque.
627 4453 657 4465 -
673 4428 710 4478 cl.
735 4429 799 4479 lino.
822 4428 896 4492 θεώ,
919 4429 934 4493 5
952 4431 1043 4492 tta-57,
1059 4431 1150 4491 coca,
1167 4431 1291 4494 tua-lul,
1309 4432 1371 4481 llll·

159 4520 216 4570 lli.

188 4615 225 4678 (l)
241 4613 398 4678 Polyarato,
416 4617 444 4666 T.
463 4619 483 4677 l,
499 4616 555 4669 Lib.
569 4630 607 4678 111,
624 4630 683 4683 cap.
700 4622 742 4681 lll,
756 4619 771 4682 ἓ
785 4621 809 4668 2.
