3462 5452
157 741 317 822 ejusmodi
333 742 491 804 vocabula
499 743 679 821 germanice
693 744 819 822 saepius
834 762 874 804 ne
902 743 990 804 reddi
1012 742 1140 822 quidem
1159 743 1284 821 possint
1312 717 1372 817 (1).Δ

155 854 219 911 Nec
235 851 343 910 minus
357 850 533 910 doleantur
546 852 671 910 canoris
689 852 817 928 linguae
834 852 1080 929 francogallicae
1095 851 1368 912 modulationibus

156 959 327 1035 verbisque
341 958 381 1017 ad
398 975 511 1017 sonum
528 959 705 1035 exquisitis,
723 977 916 1036 quamquam
944 960 1027 1020 idem
1055 962 1187 1021 moleste
1211 962 1272 1020 sert
1299 979 1368 1021 eam

157 1068 228 1138 ista,
257 1066 307 1125 vel
333 1065 460 1141 saepius
473 1064 571 1136 felici,
600 1063 638 1124 ad
668 1063 777 1124 dulces
795 1083 888 1124 voces
903 1067 1117 1142 propensione
1139 1067 1183 1127 ita
1204 1068 1319 1139 ellerri,
1333 1072 1370 1127 ut

157 1173 339 1252 euphoniae
351 1171 457 1232 studio
473 1169 705 1249 nonnunquam
721 1172 794 1248 plus
821 1190 923 1249 aequo
951 1171 1126 1251 indulgeat,
1150 1178 1180 1233 et
1198 1174 1369 1251 praecipue

159 1283 247 1361 quod
262 1281 302 1342 ad
315 1284 528 1341 consonantes
544 1283 675 1356 spectat,
692 1279 878 1339 inconstans
893 1280 988 1338 nimis
1006 1284 1037 1340 et
1054 1281 1223 1340 temeraria
1235 1281 1368 1340 omnino

157 1391 225 1451 fieri
241 1389 390 1449 videatur
399 1388 453 1461 (2).

195 1497 275 1556 Cum
292 1498 401 1554 autem
414 1494 491 1553 huic
506 1492 689 1553 modulatae
699 1495 870 1554 verborum
882 1494 1113 1554 constructioni
1136 1495 1299 1572 totiusque
1312 1495 1371 1553 lin-

156 1621 238 1682 guae
254 1601 294 1661 ad
308 1599 542 1660 volubilitatem
559 1616 678 1675 pronae
707 1600 807 1659 indoli
835 1599 933 1677 longa
958 1602 989 1658 et
1010 1601 1188 1677 composita
1214 1601 1370 1661 vocabula

157 1726 335 1786 repugnare
351 1710 485 1776 constet,
502 1705 706 1766 vehementer
720 1705 1071 1783 vituperatllorholrus,
1081 1705 1167 1783 quod
1182 1729 1196 1760 «
1207 1705 1343 1766 Pleiadis
1355 1727 1369 1758 u

157 1818 272 1877 Poetae
299 1815 363 1872 sint
387 1812 648 1889 francogallicum
675 1829 853 1872 sermonem
884 1811 923 1871 ad
952 1830 1096 1890 graecam
1125 1812 1369 1872 similitudinem

157 1922 357 1998 configurare
374 1920 490 1986 conati,
505 1919 742 1995 immensasque
755 1919 947 1994 compositas
964 1936 1059 1976 voces
1076 1918 1221 1978 lubricati
1235 1921 1289 1990 (3).

198 2031 267 2087 Non
284 2027 401 2085 infitias
418 2025 545 2102 quidam
562 2025 702 2083 curidum
727 2024 870 2083 llorlroiii
895 2024 1017 2091 laudas,
1041 2026 1210 2101 antiquum
1237 2027 1372 2097 gallicae

164 2136 295 2213 linguae
307 2133 443 2192 nitorem
459 2131 660 2202 celebrantis,
679 2149 710 2189 ro
725 2149 799 2189 vora
810 2130 849 2189 ad
865 2131 1095 2206 provincialem
1112 2149 1288 2190 sermonem
1305 2150 1373 2192 csse

159 2239 353 2310 reserendaS,
379 2255 472 2314 quem
498 2238 536 2297 ab
559 2238 627 2314 ipsa
649 2237 875 2313 francogallica
905 2237 1015 2312 lingua
1039 2254 1197 2312 nusquam
1224 2236 1372 2297 distincte

159 2348 235 2406 satis
251 2345 379 2405 videtur
396 2344 576 2403 secrevisse.
597 2343 656 2404 Ubi
672 2343 757 2402 onim
781 2341 819 2402 de
844 2343 979 2419 pristino
994 2343 1127 2420 gallicae
1143 2345 1248 2419 poesis
1265 2345 1371 2421 splen-

160 2453 237 2513 dore
259 2451 472 2529 praecocique
494 2451 690 2509 incremento
716 2449 870 2525 loquitur,
898 2448 1005 2506 omnia
1032 2466 1113 2524 quae
1136 2455 1311 2517 enumerat,
1336 2468 1373 2509 ac

158 2557 363 2638 potissimum
379 2562 544 2635 poetarum
564 2556 706 2627 nomina,
723 2556 824 2614 multo
839 2555 946 2632 potius
967 2554 1005 2614 ad
1021 2556 1249 2631 provincialem
1277 2575 1371 2633 quam

158 2665 197 2725 ad
214 2666 315 2741 ipsam
329 2662 588 2740 francogallicam
606 2661 747 2738 linguam
767 2661 937 2738 pertinent.
964 2662 1025 2720 Nec
1041 2661 1133 2720 alitor
1149 2680 1180 2721 se
1200 2680 1249 2721 res
1265 2663 1370 2732 babet,

159 2788 233 2831 cum
253 2773 407 2828 memorat
423 2785 490 2827 cam
506 2768 634 2827 maximi
649 2768 747 2826 luisse
766 2767 917 2826 momenti
934 2768 965 2825 in
979 2767 1170 2827 inllectenda
1184 2773 1213 2827 et
1227 2771 1373 2847 augenda

158 2879 272 2956 lingua
286 2876 393 2936 italica
408 2878 560 2950 tantaque
576 2874 644 2932 istis
659 2873 790 2932 remotis
811 2873 947 2932 saeculis
971 2873 1056 2932 sama
1077 2875 1142 2952 Jam
1165 2878 1370 2952 praestitisse,

160 2989 195 3044 ut
210 2983 280 3043 ltali
297 2982 492 3058 Hispanique
506 2981 656 3040 nonnulli
671 2981 805 3058 patriam
823 2981 965 3058 linguam
983 2980 1127 3042 deserere
1140 2986 1171 3042 et
1183 2986 1371 3060 provinciali

161 3107 309 3151 sermone
325 3088 462 3148 scribere
477 3105 543 3146 non
559 3086 776 3146 dubitaverint
787 3088 843 3161 (ll.

197 3196 272 3267 Sed,
287 3195 343 3254 ubi
355 3193 394 3253 ad
411 3193 588 3253 recentiora
603 3197 746 3269 tempora
759 3193 858 3265 venit,
870 3195 1085 3253 necessarium
1101 3194 1272 3256 discrimen
1285 3199 1372 3272 lacit,

159 3300 390 3380 provincialem
414 3300 555 3376 linguam
576 3299 721 3358 coeteris
737 3299 862 3375 gallicis
877 3300 1058 3359 vernaculis
1084 3303 1283 3364 sermonibus
1301 3305 1373 3365 dili-

159 3414 271 3488 genter
297 3407 437 3485 sojungit
464 3410 494 3466 et
518 3410 582 3464 tres
601 3405 789 3482 praecipuas
817 3406 1062 3483 francogallicao
1091 3408 1220 3485 linguae
1251 3412 1372 3488 species

193 3751 230 3814 (l)
252 3749 323 3808 Una,
340 3751 408 3812 6593
429 3748 463 3800 ol.
479 3748 581 3798 inirain
597 3751 665 3799 Part.
683 3750 724 3798 lV.
742 3775 769 3784 —
792 3749 864 3808 Quae
875 3748 907 3798 dc
930 3748 1008 3799 verbo
1025 3765 1038 3795 a
1053 3750 1159 3813 ineptus
1172 3765 1185 3796 o
1210 3748 1250 3798 bis
1269 3747 1374 3798 disserit

162 3842 319 3902 leibnitius,
344 3845 396 3902 cui,
419 3845 543 3895 Cicerone
562 3843 662 3908 judice,
679 3842 751 3894 nulla
774 3857 824 3894 vox
847 3857 943 3908 graeca
956 3844 1124 3908 respondeat,
1144 3857 1175 3894 ea
1193 3857 1300 3909 quoque
1317 3844 1372 3906 jam

164 3935 308 3988 Morbofius
323 3935 372 3988 hoo
388 3939 444 3989 loco
464 3941 548 4000 notat,
562 3942 588 3988 et
603 3952 663 3989 oum
678 3937 747 4005 huic,
762 3940 854 3988 contra
869 3937 989 3988 Leihnitit
1013 3951 1122 3997 morem,
1138 3951 1257 3988 summae
1270 3951 1374 4005 semper

163 4045 243 4083 curae
259 4034 302 4092 sit,
318 4036 347 4082 ut
362 4036 483 4084 auctores
503 4046 566 4083 suos
585 4032 683 4098 ubique
698 4034 853 4083 nominatim
868 4031 971 4092 aderat,
986 4032 1048 4083 inde
1070 4031 1238 4082 menifestum
1253 4032 1283 4082 tit
1297 4032 1330 4083 de
1342 4046 1372 4084 eo

161 4126 240 4176 verbo
252 4128 366 4191 primum
381 4129 448 4177 inter
461 4129 619 4177 recentiores
634 4127 752 4176 bomines
764 4129 787 4176 J.
803 4128 829 4176 C.
843 4125 1005 4190 Scaligcrum
1020 4126 1205 4190 disputavisse,
1220 4127 1372 4178 ulcibnilio

161 4223 240 4286 igitur
262 4222 330 4272 lianc
348 4221 556 4272 observationem
572 4224 627 4272 sive
639 4236 670 4272 cx
687 4221 830 4286 scaligero,
845 4223 900 4270 sive
919 4235 952 4271 ex
974 4220 1099 4271 llorbodo
1117 4235 1174 4272 esse
1189 4222 1371 4287 depromptam

161 4317 205 4380 tet.
223 4319 286 4367 b'no.
301 4317 375 4378 Gerl„
391 4319 406 4381 ᾗ
422 4321 450 4369 61
468 4321 494 4368 ei
508 4319 577 4377 liat,
592 4320 633 4379 Vl,
647 4319 714 4378 299).

195 4413 230 4479 (a)
252 4415 321 4462 bnt..
340 4415 461 4464 rto-rra.

196 4509 230 4575 (at
249 4509 326 4569 loru,
343 4511 389 4560 rea
408 4512 434 4559 ot
448 4513 506 4560 aaa.

194 4604 230 4667 (l)
249 4603 324 4663 totu,
340 4606 466 4664 155-1543
485 4607 541 4654 185.
