3462 5452
881 581 1078 662 —ot-.

373 733 479 800 indole
492 735 674 818 germanica
689 733 738 799 vel
756 735 794 798 dc
805 739 987 818 germanica
1012 740 1166 800 Getarum
1190 733 1311 817 origine
1326 733 1389 814 (l);
1413 729 1571 799 concludit

372 846 509 924 denique
527 891 534 918 ,
552 850 587 906 ut
601 844 824 918 inmtodicum,
841 845 884 905 ita
908 845 1034 905 irritum
1050 863 1119 906 esse
1147 846 1322 905 Succorum
1349 843 1504 916 studium,
1519 859 1572 902 nec

369 951 567 1030 peculiarem
582 951 806 1028 antiquitatem
822 967 933 1011 eorum
949 950 1085 1012 dialecto
1106 949 1311 1010 tribuendam
1327 967 1406 1022 esse,
1424 948 1571 1027 quoniam

370 1063 402 1120 et
414 1057 622 1119 Germanicus
636 1060 667 1118 et
682 1057 833 1117 Suecicus
848 1073 1009 1117 sermones
1020 1056 1202 1134 aprincipio
1215 1073 1281 1116 non
1295 1055 1441 1117 ditierant
1452 1056 1531 1116 inter
1543 1071 1572 1114 se

370 1169 465 1241 atque
480 1181 498 1224 a
513 1162 678 1224 communi
695 1163 803 1239 stirpe,
814 1162 853 1222 ab
866 1161 977 1222 eadem
991 1179 1107 1240 nempe
1122 1161 1255 1240 antiqua
1266 1160 1571 1240 linguagermaniea,

370 1269 556 1330 deriventur
570 1269 622 1347 (t).
1503 1349 1505 1354 ,

408 1376 494 1448 Quae
510 1378 617 1453 aperte
632 1375 784 1435 conclusa
799 1373 832 1433 in
847 1373 992 1436 animum
1021 1375 1161 1436 referunt
1177 1375 1296 1448 locum,
1313 1375 1367 1434 ubi
1383 1392 1449 1434 non
1471 1374 1572 1434 minus

368 1482 483 1542 acriter
495 1486 525 1541 et
536 1481 601 1540 iere
627 1479 741 1540 iisdem
761 1480 865 1541 verbis
890 1479 1002 1541 eadem
1023 1482 1149 1542 locutus
1164 1485 1211 1542 est
1239 1481 1426 1554 Leibnitius,
1444 1497 1517 1540 cum
1541 1479 1571 1538 in

368 1588 479 1650 libello
497 1583 755 1667 Unoorpreisticte
768 1583 932 1646 Gedanhen
954 1586 1031 1647 dicit
1048 1605 1054 1646 :
1073 1611 1087 1642 a
1112 1587 1198 1648 hlles
1213 1587 1297 1647 auch
1311 1605 1375 1648 was
1390 1587 1441 1648 die
1455 1586 1572 1647 Schwe-

370 1693 442 1766 den,
460 1695 634 1770 Norwegen
649 1691 876 1753 undtshnuder
889 1709 950 1751 von
963 1692 1052 1752 ihren
1064 1693 1190 1754 Gothen
1215 1692 1281 1753 und
1297 1695 1411 1754 Runen
1427 1692 1569 1764 rtihnren,

370 1799 410 1859 ist
423 1815 529 1871 unser,
547 1797 613 1858 und
629 1797 772 1858 arbeiten
787 1799 832 1858 sie
849 1798 907 1858 mit
922 1799 1001 1858 alter
1018 1800 1102 1860 ihrer
1116 1816 1200 1859 zwar
1222 1799 1394 1860 loehlichen
1415 1799 1507 1859 Mtthe
1522 1815 1573 1858 vor

371 1922 446 1979 uns;
475 1921 603 1964 rrrassen
627 1904 671 1964 sie
689 1905 790 1982 jarer
809 1903 914 1964 hichts
936 1904 1062 1978 anders,
1079 1905 1126 1965 als
1153 1904 1405 1965 Nord-Teutsehe
1427 1904 1571 1983 gehatten

368 2011 656 2084 werdenkoennen,
674 2010 756 2070 auch
772 2027 835 2070 von
850 2009 923 2070 dem
937 2010 1022 2071 wohl
1048 2011 1248 2072 herichteten
1274 2013 1381 2073 Tacito
1411 2011 1477 2072 und
1493 2012 1571 2071 allen

369 2118 454 2178 alten
470 2115 535 2178 und
551 2116 814 2177 mittet-Antoren
833 2120 925 2176 uhter
938 2116 988 2177 die
1009 2107 1162 2177 Toutschc
1187 2116 1330 2196 gezehlet
1350 2117 1494 2192 werden;
1518 2117 1572 2176 mit

369 2223 455 2284 ihrer
475 2221 596 2301 Spraeh
620 2221 702 2282 auch
726 2221 823 2282 selhst
848 2221 938 2282 nicht
963 2222 1077 2283 anders
1101 2241 1141 2283 zu
1158 2224 1238 2302 Tage
1263 2225 1366 2302 legen,
1387 2224 1431 2283 sie
1452 2239 1572 2301 moegen

369 2329 436 2390 sich
450 2329 620 2390 krhmmen
635 2327 701 2388 und
717 2328 852 2389 weuden
867 2330 926 2389 wic
943 2329 987 2390 sie
1003 2330 1120 2390 wellen
1133 2353 1146 2384 o
1160 2329 1208 2410 (3).

408 2438 476 2496 Non
495 2435 557 2496 alio
573 2434 678 2508 modo,
696 2434 750 2495 sed
772 2436 876 2495 multo
896 2441 968 2496 ante
985 2436 1191 2510 leibnitium,
1212 2453 1293 2514 quae
1317 2436 1370 2497 hic
1394 2437 1495 2498 serius
1514 2436 1572 2498 dis-

368 2545 492 2623 putavit
515 2545 547 2604 in
570 2541 663 2603 Brevi
685 2540 925 2623 Desipuutione,
952 2549 1149 2621 expresserat
1174 2543 1345 2604 Morhotius
1370 2543 1422 2623 (d).
1458 2545 1491 2603 ln
1515 2544 1572 2604 hoc

369 2657 506 2725 tantum,
524 2653 549 2712 si
567 2652 679 2712 ambos
695 2651 824 2712 interae
840 2650 984 2710 conferas
1001 2650 1203 2710 doctissimos
1219 2651 1315 2723 vireu,
1332 2650 1475 2728 aliquam
1491 2667 1572 2728 repe·

367 2760 430 2820 rias
447 2757 755 2831 dissimilitudinem,
781 2756 867 2835 quod
891 2774 1001 2817 rursus
1021 2758 1191 2835 probatum
1218 2762 1275 2829 est,
1300 2757 1490 2818 Morhotium
1508 2757 1571 2817 sine

368 2868 435 2928 ulla
460 2865 659 2926 dubitatione
684 2863 889 2944 judicavisse,
918 2864 1110 2925 Leibnitium
1135 2867 1244 2926 contra
1272 2863 1309 2924 de
1340 2865 1497 2924 sententia
1520 2881 1572 2924 sua

368 2973 508 3054 quadam
531 2973 727 3050 exceptionis
746 2977 776 3032 et
793 2972 979 3032 variationis
1001 2972 1105 3049 specie
1127 2972 1250 3050 aliquid
1271 2972 1455 3034 detraxisse.

408 3082 498 3156 Quod
518 3081 647 3160 quidem
663 3080 702 3140 ad
723 3097 886 3140 summum
906 3080 1132 3157 disputationis
1155 3079 1277 3153 attinet,
1300 3078 1411 3140 irridet
1434 3079 1572 3158 prolecto

367 3189 554 3261 leibnitius
581 3186 713 3266 perinde
742 3205 779 3248 ac
811 3186 994 3262 Morhotius,
1016 3187 1260 3266 StJ‘ernhjelmii,
1286 3186 1462 3248 Rudhcckii
1487 3186 1572 3246 simi-

367 3298 510 3374 liumque
526 3295 662 3368 somnia,
673 3293 783 3354 laudat
803 3298 911 3354 tamen
927 3293 1045 3372 pariter
1056 3294 1159 3371 patrio
1174 3293 1279 3355 decori
1294 3294 1392 3354 abeis
1407 3293 1571 3373 hucusque

368 3405 548 3482 impensam
562 3403 735 3481 curam(5);
752 3400 806 3462 sed
822 3419 923 3479 usque
946 3418 982 3462 eo
1008 3405 1133 3461 tantum
1153 3401 1248 3463 ambo
1273 3402 1407 3464 similes.
1433 3403 1572 3481 Namque

366 3518 452 3573 totus
474 3515 504 3572 et
522 3526 593 3570 acer
616 3509 787 3569 Morhotius
810 3509 842 3568 in
864 3508 1052 3582 refellenda,
1070 3509 1221 3587 obliquus
1244 3516 1354 3572 contra
1370 3515 1400 3572 et
1414 3511 1571 3572 haesitans

367 3622 498 3697 apparet
523 3615 710 3691 Leihnitius,
739 3615 782 3676 ita
807 3614 1000 3676 conciliandi
1030 3615 1204 3693 cupiditate
1236 3616 1418 3691 instinctus,
1443 3621 1571 3697 atquae

368 3724 515 3788 concedit
529 3741 643 3785 causae
658 3726 754 3801 caput
768 3721 957 3783 adversariis
971 3721 1156 3802 adjudicare
1174 3723 1352 3787 videantur.

407 3834 473 3897 Hoc
484 3833 588 3911 reipsa
599 3830 755 3892 leibnitio
770 3831 909 3892 maxime
924 3829 1049 3893 videtur
1062 3831 1155 3894 avari
1171 3832 1382 3897 similitudine
1391 3835 1568 3912 abhorrere,

399 4223 433 4295 (t)
453 4221 489 4278 Gi.
506 4237 586 4292 supra
599 4231 624 4279 at
641 4221 710 4291 etat..
726 4230 816 4294 raet,
833 4231 874 4292 68.
891 4232 951 4294 ttt,
968 4233 981 4284 t
1003 4233 1027 4284 t.

400 4323 437 4391 (a)
457 4321 525 4385 ent..
539 4327 599 4377 rer.

398 4421 435 4486 (3)
454 4424 524 4488 fist.

398 4517 435 4586 (r)
452 4520 489 4573 cr.
507 4511 573 4574 nott.
591 4521 681 4589 rena
698 4513 728 4584 h,
744 4515 840 4588 at-ttr
857 4513 979 4585 haumar,
998 4515 1123 4576 tet-tet,

399 4615 434 4694 tt)
449 4609 485 4670 cl.
502 4617 571 4680 hut..
587 4615 627 4680 tt,
643 4629 703 4688 para
719 4619 743 4681 t,
759 4630 783 4686 p.
800 4621 846 4670 tte
860 4621 886 4672 ot
901 4620 948 4671 att
965 4625 1026 4672 oum
1043 4608 1113 4683 (leth,
1131 4613 1178 4674 tlt
1193 4612 1222 4674 el
1232 4621 1340 4690 pasattth
