3446 5452
668 639 858 724 ...97..

146 803 213 866 tem
232 795 355 884 judice,
381 803 417 866 ut
442 798 563 866 celticis
589 804 734 865 dialectis
760 805 976 882 germanicam
1002 795 1158 882 originem
1184 793 1364 863 adscribere

86 963 91 970 .
145 913 294 974 noluerit
308 911 364 990 (l).
388 911 504 972 Eadem
517 913 633 972 eximia
649 913 681 971 iu
694 911 844 971 notandis
858 911 1087 971 vocabulorum
1103 909 1368 970 conversionibus

147 1020 397 1096 litterarumque
421 1018 652 1079 mutationibus
668 1017 811 1077 adhibita
826 1015 992 1095 diligentia
1009 1014 1226 1077 commendari
1243 1014 1369 1075 Morbo-

148 1126 213 1186 fius
231 1125 393 1186 existimat
411 1126 509 1204 paulo
532 1129 603 1185 ante
623 1124 744 1185 editum
758 1123 875 1185 Vorstii
890 1120 1050 1204 Spectmen
1073 1121 1323 1182 observationum·
1336 1119 1368 1179 ia

148 1230 295 1312 linquam
320 1229 527 1304 vernaculam,
554 1231 702 1292 cuicum
724 1231 915 1291 semultum
938 1229 1053 1291 debere
1077 1231 1275 1308 profiteatur,
1287 1223 1371 1289 ncnss

147 1338 255 1398 nullis
271 1355 347 1398 suae
361 1336 571 1397 Institutiom's
584 1337 663 1398 locis
678 1338 771 1415 plura
782 1355 821 1397 cx
834 1355 871 1397 eo
884 1337 1025 1414 excerpit
1039 1354 1105 1396 non
1121 1334 1367 1408 contemnenda,

150 1448 251 1521 atque
267 1444 329 1504 hoc
344 1445 546 1522 potissimum
563 1445 597 1505 iu
612 1444 681 1523 ejus
695 1445 789 1505 laude
804 1445 906 1522 ponit,
923 1443 1010 1522 quod
1026 1461 1078 1504 eas
1092 1444 1198 1504 statim
1210 1443 1367 1521 cujusque

151 1550 194 1610 ad
210 1550 368 1629 originem
384 1550 556 1612 revocandi
577 1551 727 1611 vocabuli
747 1550 865 1611 formas
884 1569 959 1628 prae
981 1551 1093 1611 ceteris
1109 1554 1229 1611 attento
1246 1568 1370 1628 semper

152 1657 264 1717 animo
280 1657 467 1735 respexerit,
490 1675 570 1734 quas
592 1661 699 1718 vetera
713 1658 896 1735 germanico
913 1675 1059 1718 sermone
1075 1658 1256 1735 conscripta
1271 1658 1370 1719 docu-

154 1767 265 1824 menta
273 1763 470 1838 exhiberent,
486 1781 550 1841 quo
566 1763 715 1842 prudenti
727 1769 896 1841 praecepto
907 1762 1022 1824 ductus
1037 1764 1155 1823 multas
1169 1763 1370 1824 obscuriores

155 1871 355 1949 germanicas
383 1888 486 1930 voces
505 1870 686 1931 luculenter
711 1871 900 1948 explicuerit
924 1876 954 1931 et
978 1887 1016 1932 ex
1042 1872 1111 1949 ipso
1139 1872 1280 1950 genuino
1300 1890 1371 1950 ger.-

156 1976 303 2038 mauicae
330 1976 459 2054 linguae
493 1975 579 2036 tonte
615 1975 703 2036 haud
735 1977 884 2055 ambigue
913 1976 1080 2038 deduxerit
1109 1995 1214 2056 neque
1246 1995 1309 2051 eas,
1336 1982 1372 2037 ut

156 2099 322 2161 perperam
339 2082 406 2142 fieri
429 2083 541 2156 soleat,
559 2101 598 2142 ex
619 2100 747 2161 quaque
767 2084 936 2161 peregrina
957 2084 1068 2162 lingua
1091 2085 1231 2161 primum
1254 2086 1370 2145 elicere

157 2192 293 2249 conatus
309 2189 349 2248 sit
364 2190 419 2264 (ἓ).

197 2294 268 2367 Quo
284 2293 413 2372 quidem
433 2294 510 2354 vitio
526 2294 697 2373 plerosque
714 2295 958 2374 francogallicos
973 2297 1148 2358 lexieorum
1171 2303 1317 2358 auctores
1340 2302 1371 2358 et

158 2403 426 2482 etymologiarum
454 2400 655 2480 indagatores
679 2404 806 2480 gravius
831 2403 976 2463 laborare
1002 2405 1186 2477 Morhofius,
1208 2423 1273 2464 non
1301 2406 1369 2465 siue

159 2510 268 2588 aliquo
282 2509 364 2588 jure,
382 2512 417 2568 ut
429 2509 494 2587 jam
512 2508 773 2586 supradiximus,
791 2509 997 2570 vehementer
1011 2512 1155 2588 queritur
1167 2515 1370 2590 veteremque

158 2619 260 2678 rixam
276 2635 348 2677 cum
366 2617 412 2676 eis
427 2634 538 2677 rursus
560 2617 743 2690 committit,
759 2634 856 2694 quam
869 2616 1006 2695 jamdiu,
1021 2617 1060 2677 ab
1084 2619 1232 2696 Hungero
1248 2619 1292 2695 (3)
1305 2620 1371 2697 pri-

160 2743 247 2785 mum
264 2724 432 2784 excitatam
454 2728 486 2789 et
504 2723 543 2783 ab
559 2724 642 2786 Ottio
658 2724 701 2804 (l)
719 2723 950 2797 continuatam,
966 2725 1141 2785 Leibnitius
1158 2743 1285 2804 quoque
1300 2743 1371 2805 pos·

160 2838 222 2907 tea,
238 2833 307 2911 ipso
327 2831 411 2895 Ottio
428 2831 519 2905 duce,
536 2830 774 2910 redintegravit.

199 2941 399 3017 Quamquam
422 2939 507 2998 enim
528 2938 566 2999 de
590 2938 635 2998 eis
661 2937 700 2998 ad
716 2955 873 2998 summam
893 2941 1015 2998 rectum
1039 2943 1070 2999 et
1088 2939 1265 3017 benignum
1287 2937 1373 3018 judi·

160 3048 248 3108 cium
262 3046 339 3106 lacit
353 3063 483 3124 eosque,
504 3045 674 3122 praecipue
692 3049 798 3105 autem
816 3045 1007 3124 Menagium,
1033 3045 1151 3122 optime
1171 3044 1209 3105 de
1234 3063 1291 3105 sua
1314 3047 1372 3106 lin·

160 3174 222 3234 gua
239 3155 368 3216 meritos
383 3153 560 3230 profitetur,
577 3152 622 3212 eis
638 3156 756 3224 tamen,
771 3150 903 3230 perinde
926 3169 963 3211 ac
978 3151 1154 3212 Leihnitius
1168 3153 1265 3230 paulo
1287 3158 1370 3231 post,

160 3263 325 3341 ignoscere
349 3259 472 3337 nequit,
503 3258 601 3336 quod,
628 3259 827 3337 germanicae
856 3259 984 3337 linguae
1020 3259 1156 3332 inscitia,
1188 3259 1371 3320 innumeras

161 3365 404 3444 francogallicas
430 3369 461 3424 et
482 3365 604 3424 italicas
628 3382 721 3424 voces
744 3382 782 3424 ex
807 3381 920 3442 graeco
945 3365 1120 3442 latinoque,
1146 3365 1196 3424 vel
1222 3383 1260 3425 ex
1285 3365 1372 3425 omui

161 3475 333 3538 remotiore
352 3489 498 3533 sermone
518 3472 626 3549 potius
647 3489 805 3532 arcessere
829 3472 1011 3549 pervicaces
1034 3472 1206 3545 enitantur,
1234 3487 1372 3550 quarum

162 3583 320 3661 originem
339 3580 445 3640 verius
467 3597 483 3639 e
501 3579 646 3657 proximo
668 3579 850 3658 germanico
874 3577 989 3639 ducere
1009 3580 1173 3656 potuerint
1197 3597 1233 3639 ac
1254 3577 1372 3640 debue-

162 3689 227 3752 rint
243 3687 297 3768 (ὅ).
321 3687 431 3767 lgitur,
451 3703 515 3765 quc
529 3687 651 3765 majore
667 3685 761 3746 laude
781 3685 960 3764 llenagium
976 3686 1111 3757 extollit,
1128 3701 1222 3764 quem
1250 3708 1264 3741 «
1282 3703 1370 3764 egre-

164 3800 254 3882 gium
281 3796 486 3874 Philologum
511 3797 541 3854 et
562 3793 714 3854 Criticum
728 3817 742 3848 »
760 3792 816 3874 (6),
837 3809 965 3853 necnon
981 3816 995 3848 «
1021 3791 1133 3855 Virum
1158 3791 1282 3854 dudum
1303 3789 1372 3854 orbi

198 4102 232 4172 (l)
253 4105 323 4169 vna,
337 4108 379 4171 dd,
392 4108 433 4170 tr,
448 4108 489 4170 39,
505 4107 595 4169 5840,
609 4106 753 4169 i3.li·lss,
765 4107 806 4166 at.
823 4107 869 4160 lta
885 4109 911 4160 et
925 4103 1079 4174 Polytirtor,
1094 4101 1124 4158 T.
1140 4103 1159 4166 l,
1176 4099 1262 4164 le.1,
1278 4114 1336 4168 cap.
1349 4101 1374 4172 a,

167 4197 182 4269 fl
197 4204 222 4256 t.

200 4293 236 4359 (a)
256 4291 332 4363 rua,
349 4296 463 4354 rra-tm
477 4299 502 4352 a
516 4299 623 4366 passim.

199 4391 236 4458 (dl
254 4394 291 4448 Cf·
305 4389 375 4457 lint,
392 4397 433 4458 dl,
448 4397 491 4448 58⁵

201 4492 235 4558 m
254 4491 292 4546 Gt.
306 4487 382 4553 ram,
400 4494 441 4546 58.

203 4583 238 4656 (b)
257 4583 327 4651 Uol..
342 4582 432 4652 misr
447 4582 490 4654 flii·
506 4581 564 4642 issa

202 4679 236 4759 (b)
253 4675 329 4758 titii..
346 4680 387 4746 tt·
