3446 5452
826 577 1047 654 -150-

327 728 544 790 commendari
559 733 724 806 monstrat,
749 729 893 807 falsaque
917 730 1039 792 diluere
1054 733 1189 792 conatur
1211 729 1359 802 crimina,
1383 748 1461 810 quae
1484 731 1528 792 tot

327 836 498 916 peregrini,
512 837 699 916 quinetiam
719 841 767 898 tot
785 837 959 916 germanici
977 836 1062 900 docti
1078 837 1136 898 viri
1153 837 1186 898 in
1202 854 1271 898 eam
1289 836 1454 898 intendere
1468 853 1531 898 cer-

326 943 447 1004 tabant.
472 943 604 1022 Saepius
620 943 717 1022 igitur
734 961 793 1005 nec
809 943 928 1021 injuria
942 947 1043 1014 notat,
1065 961 1137 1006 eam
1151 961 1246 1022 prave
1266 949 1298 1006 et
1316 944 1432 1006 ialsoa
1453 961 1531 1004 non-

327 1050 427 1114 nullis
441 1051 609 1128 increpari,
626 1055 790 1129 tamquam
802 1050 903 1112 nimia
918 1051 1167 1112 consonantium
1182 1051 1362 1130 asperitate,
1386 1051 1481 1130 ipsas,
1501 1053 1539 1112 ut

328 1159 466 1232 aiebant,
478 1158 586 1220 fauces
597 1157 832 1230 abradentium,
849 1160 880 1220 et
894 1157 990 1220 surdo
1004 1175 1191 1235 semperque
1205 1159 1339 1236 repetito
1355 1156 1538 1220 earumdem

329 1264 492 1326 vocalium
507 1281 585 1326 sono
601 1263 764 1324 diisscilius
779 1281 846 1324 sese
860 1263 1099 1326 delicatioribus
1116 1265 1293 1326 insinuaret
1307 1264 1362 1344 (1).

369 1370 412 1432 lte
427 1372 496 1449 ipsa
512 1371 573 1433 hoc
587 1373 711 1431 tantum
728 1388 839 1432 verum
862 1375 919 1444 est,
946 1387 1017 1432 eam
1038 1388 1104 1432 non
1119 1371 1241 1450 majore
1266 1390 1363 1450 quam
1380 1389 1541 1452 graecam,

329 1482 365 1540 ut
376 1478 414 1540 de
425 1479 537 1539 ceteris
551 1477 693 1550 sileatur,
708 1477 956 1538 consonantium
972 1477 1120 1555 congerie
1136 1481 1192 1539 aut
1206 1495 1365 1540 concursu
1381 1478 1541 1550 laborare,

328 1601 387 1646 nec
400 1585 526 1646 vocales
542 1584 575 1644 in
588 1601 625 1644 ea
639 1583 744 1644 minus
760 1584 843 1644 clare
857 1587 913 1646 aut
927 1582 1091 1644 modulate
1107 1601 1231 1656 sonare,
1249 1602 1347 1662 quam
1370 1585 1403 1646 in
1419 1585 1543 1648 dulcis-

330 1692 412 1754 sima
428 1708 555 1770 quaque
573 1691 755 1768 tinguant,
773 1690 854 1750 inter
869 1694 1000 1760 ceteras,
1018 1689 1116 1748 latina
1131 1693 1187 1751 aut
1201 1689 1380 1768 hispanica,
1398 1695 1543 1752 ceterum

257 1781 260 1788 ¹
330 1798 412 1860 nulli
428 1801 593 1856 venustate
609 1799 639 1856 et
655 1796 762 1872 lepore
780 1794 890 1856 cedere
906 1796 958 1870 (2),
983 1795 1166 1873 multasque
1184 1797 1339 1873 peculiari
1354 1797 1496 1874 quadam
1512 1799 1541 1857 vi

331 1922 493 1982 superare,
511 1921 592 1980 quae
609 1901 682 1962 inde
699 1902 876 1972 hasiriatur,
894 1901 980 1978 quod
996 1901 1029 1962 in
1044 1919 1081 1961 ea
1098 1902 1285 1964 innumerae
1307 1906 1430 1964 exstent
1448 1921 1542 1964 voces

331 2030 396 2072 nna
412 2010 536 2088 syllaba
552 2013 744 2080 constantes,
762 2025 956 2085 quamquam
973 2025 1082 2068 rursus
1110 2024 1176 2068 non
1203 2008 1386 2086 negandum
1411 2015 1469 2078 est,
1497 2015 1541 2070 tot

332 2135 398 2179 uno
419 2122 528 2178 tenore
545 2115 716 2176 liuentibus
740 2114 972 2192 monosyllabis
996 2131 1228 2191 nonnunquam
1250 2115 1416 2178 fastidium
1440 2116 1543 2194 quod-

332 2223 406 2285 dam
423 2221 520 2300 gigni,
538 2239 597 2282 nec
611 2220 722 2282 cadere
745 2221 933 2298 plerumque
949 2220 1128 2280 orationem
1148 2221 1180 2280 in
1196 2221 1283 2282 hunc
1299 2223 1540 2285 concinniorem

334 2353 348 2386 α
363 2346 534 2390 numerum
551 2351 577 2400 a,
593 2345 658 2405 quo
674 2327 815 2404 antiquis
831 2326 948 2406 linguis
964 2331 1090 2386 tantum
1106 2326 1189 2387 adsit
1203 2327 1428 2389 oblectamenti
1444 2328 1501 2406 (3).

376 2435 552 2496 Verborum
569 2450 644 2493 sane
663 2436 694 2492 et
708 2437 886 2509 troporum,
903 2450 1042 2492 necnon
1064 2433 1226 2492 variorum
1244 2434 1437 2495 elocutionis
1452 2453 1545 2496 orna·

334 2545 516 2604 mentorum
533 2536 624 2616 copia
640 2555 710 2598 cam
732 2538 844 2598 ceteris
859 2537 977 2616 linguis
997 2538 1148 2614 imparem
1165 2556 1232 2598 esse
1248 2544 1391 2612 constat;
1417 2545 1449 2601 at
1470 2540 1545 2602 huic

334 2645 464 2724 egestati
481 2661 571 2721 opem
589 2647 683 2720 atque
700 2643 854 2703 auxilium
872 2643 952 2704 serre
969 2644 1099 2704 obvium
1114 2645 1359 2722 proximumque
1376 2651 1433 2708 est.

373 2752 606 2812 Translationes
636 2750 731 2822 enim,
763 2767 897 2826 quarum
924 2749 1033 2826 inopia
1069 2767 1139 2811 eam
1165 2751 1372 2827 potissimum
1398 2753 1543 2815 laborare

333 2876 427 2919 nemo
442 2856 605 2934 negaverit
626 2855 722 2917 homo
745 2854 869 2927 doctus,
893 2873 909 2916 e
936 2856 1112 2934 peregrinis
1138 2856 1268 2936 linguis,
1296 2863 1407 2936 utpote
1431 2859 1546 2922 docilis

333 2964 583 3040 tractabilisque,
599 2961 684 3022 haud
699 2980 790 3041 aegre
806 2962 962 3033 indueret,
973 2963 999 3022 si
1015 2980 1096 3040 quae
1108 2963 1294 3024 commodae
1309 2969 1364 3026 aut
1378 2965 1418 3026 ad
1434 2984 1547 3028 ornan·

336 3070 407 3132 dam
423 3068 639 3130 elocutionem
654 3071 745 3144 aptae
759 3067 943 3128 viderentur
957 3067 1017 3146 (ll;
1035 3067 1194 3130 abstracta
1209 3071 1317 3131 autem
1333 3071 1440 3143 verba,
1454 3077 1547 3149 quot-

335 3173 607 3255 quotnecessaria
622 3173 737 3246 forent,
760 3190 775 3232 e
799 3174 928 3251 proprio
952 3174 1052 3235 tundo
1068 3175 1160 3252 quasi
1186 3176 1270 3237 ultro
1295 3177 1447 3253 eliceret;
1472 3197 1547 3240 nam

334 3283 458 3346 nullam
473 3280 612 3359 reperias
627 3280 782 3360 linguam,
800 3297 880 3357 quae
902 3303 916 3335 «
930 3281 1106 3359 hequemer
1127 3298 1182 3360 sey
1204 3282 1287 3343 nach
1310 3282 1367 3345 der
1390 3286 1548 3348 Vernunit

339 3390 406 3452 und
422 3389 483 3450 den
499 3388 711 3466 conceptibus
726 3403 834 3448 rerum
855 3386 1010 3466 gerichtet
1026 3405 1065 3448 zu
1081 3387 1209 3450 werden
1225 3411 1239 3444 υ
1256 3391 1308 3467 qd).

377 3498 548 3572 Postquam
573 3493 671 3572 igitur
690 3493 861 3554 Morhotius
885 3492 918 3553 in
943 3492 1031 3554 hunc
1045 3494 1250 3572 perspicuum
1273 3495 1403 3558 modum
1425 3515 1547 3577 germa-

336 3603 445 3664 nicam
464 3599 606 3678 linguam
623 3615 695 3659 cum
716 3597 903 3658 cultissimis
917 3598 966 3658 vel
983 3598 1219 3675 antiquioribus
1243 3601 1293 3660 rel
1317 3603 1546 3667 recentioribus

372 3873 409 3938 (1)
429 3873 499 3936 Una,
514 3876 571 3926 lto.

373 3967 410 4034 (2)
431 3967 507 4031 idid„
523 3969 644 4022 iti-itt.

369 4065 406 4130 (3)
426 4063 501 4122 ltin,
517 4065 607 4114 11-113.
627 4086 657 4098 -
673 4061 827 4125 Opportune
841 4059 930 4108 monet
943 4057 993 4108 alic
1008 4057 1065 4110 loco
1081 4059 1223 4112 Morhotius
1239 4060 1421 4128 monosyllaba
1441 4063 1477 4113 ita
1494 4075 1546 4114 cra·

344 4158 391 4210 bro
406 4160 430 4209 tn
447 4158 538 4224 lingua
558 4155 709 4222 germanica
736 4165 872 4204 occurrere
894 4154 921 4202 et
941 4153 1120 4206 enuntiandae
1139 4156 1236 4220 cuique
1252 4157 1399 4208 sententiae
1420 4157 1458 4207 ita
1471 4155 1547 4208 videri

349 4253 506 4310 necessaria,
523 4252 552 4302 nt
567 4249 608 4300 ilie
623 4261 728 4312 operam
740 4245 842 4312 perdat,
857 4246 901 4310 qut
915 4257 1005 4296 corum
1021 4258 1179 4300 concursum
1201 4250 1226 4300 in
1240 4249 1327 4301 soluta
1341 4248 1383 4302 vel
1395 4248 1478 4316 ligata
1497 4261 1548 4302 ora-

348 4348 419 4399 tione
434 4348 515 4396 vilare
530 4343 640 4395 voluerit
651 4341 733 4406 (Una,
750 4342 818 4406 alr).

377 4437 413 4505 (1)
434 4442 503 4500 ult..
518 4442 576 4491 sm.

375 4537 411 4606 (11)
431 4533 505 4596 ibid,
518 4534 575 4588 sea.
