3462 5452
720 615 907 698 ...25..„

245 769 311 834 Nec
327 768 480 846 ullaalia,
505 775 541 834 ut
563 772 632 852 ,jam
657 769 809 842 diximus,
837 773 899 837 nisi
924 771 1116 854 perantiqua
1135 773 1191 835 illa
1217 768 1417 852 cognationis

202 880 453 950 necessitudine,
470 881 616 959 linguam
632 899 779 960 graecam
799 882 842 960 (et
866 883 1012 956 latinam)
1031 901 1104 944 cum
1120 881 1263 943 barbaris
1296 899 1417 941 sermo-
1451 874 1456 892 '

201 987 300 1049 nibus
316 1006 462 1066 unquam
477 989 576 1049 fuisse
589 990 737 1068 junctam
754 989 919 1050 contendit
939 991 1127 1064 Morhofrus;
1152 990 1321 1068 diligenter
1345 1007 1420 1049 cou-

202 1097 253 1155 tra
277 1100 367 1156 cavet
386 1114 631 1174 usquequaque,
656 1115 696 1157 ne
724 1098 757 1157 in
781 1097 903 1158 crimen
923 1099 1029 1158 vocari
1045 1101 1153 1176 queat,
1189 1098 1280 1176 quasi
1303 1096 1417 1157 barba-

202 1221 257 1264 ros
273 1203 432 1264 formosae
448 1220 648 1282 canoraeque
660 1205 748 1265 illius
764 1205 904 1282 liuguae,
932 1223 996 1282 qua
1015 1222 1081 1264 non
1101 1204 1290 1265 concinnior
1305 1204 1415 1276 altera,

138 1318 139 1324 ’
190 1314 351 1370 auctores
367 1310 487 1370 fecerit.
506 1311 608 1382 Quam
624 1311 729 1371 lucide
746 1315 854 1370 autem
868 1328 904 1371 ac
916 1311 1080 1372 moderate
1091 1312 1188 1371 simul
1201 1310 1239 1370 de
1256 1311 1315 1370 ista
1328 1327 1415 1370 com-

202 1417 297 1478 muni
313 1417 434 1495 origine
448 1417 593 1488 senserit,
608 1422 831 1495 quantumque
841 1419 1073 1495 circumspecta
1087 1420 1156 1497 ejus
1172 1418 1283 1496 opinio
1300 1418 1417 1477 avenis

203 1529 236 1586 et
253 1524 483 1602 desipientibus
499 1524 677 1585 multorum
703 1525 889 1602 aequalium
916 1525 1049 1584 somniis
1075 1524 1180 1595 distel,
1208 1528 1315 1603 aperte
1341 1524 1417 1584 satis

203 1631 344 1692 ostendit
359 1632 413 1691 hic
425 1629 636 1691 Institutioat's
649 1633 752 1704 locus,
770 1633 802 1692 in
819 1650 882 1710 quc
899 1651 1026 1693 summa
1044 1651 1119 1692 cum
1137 1633 1313 1692 subtilitate
1327 1649 1419 1710 grae-

201 1757 257 1800 cae
274 1740 403 1817 linguae
415 1740 494 1800 hino
512 1741 686 1800 barbarum
698 1740 878 1813 exordium,
889 1741 980 1800 illinc
994 1741 1161 1818 proprium
1173 1739 1418 1817 insequentibus

202 1847 343 1925 saeculis
356 1864 562 1925 progressum
577 1851 607 1906 et
622 1848 859 1906 incrementum
882 1847 1020 1906 secernit
1037 1847 1101 1923 (l):
1124 1870 1138 1901 a
1152 1847 1190 1905 Es
1212 1845 1292 1905 wird
1313 1846 1419 1906 lerner

201 1953 310 2013 weder
324 1971 387 2014 von
403 1954 564 2032 Mylic....,
580 1954 664 2014 noch
678 1972 741 2014 von
752 1952 885 2033 jemand
901 1953 1015 2013 anders
1031 1959 1169 2032 gesaget,
1188 1954 1243 2014 das
1265 1954 1315 2014 die
1332 1955 1419 2014 Grie-

204 2060 288 2123 chen
303 2059 487 2132 dazumahl,
515 2061 575 2119 wie
597 2060 642 2120 sie
665 2060 767 2120 durch
790 2060 1034 2138 Wissenschaiit
1053 2060 1130 2120 oder
1144 2061 1336 2138 Tapllerheit
1351 2060 1418 2120 sich

201 2166 269 2226 und
286 2166 353 2226 ihre
371 2167 508 2244 Sprache
525 2185 559 2226 so
572 2168 790 2227 vollkommen
805 2168 963 2246 gemacht,
980 2169 1048 2228 ihre
1064 2171 1202 2229 Wcarter
1214 2168 1281 2228 und
1297 2169 1420 2229 Idiotis-

201 2291 271 2333 mos
285 2273 416 2333 erstlich
429 2292 492 2333 von
508 2273 570 2333 den
586 2274 765 2334 teutschen
781 2292 985 2354 genommen.
1003 2277 1064 2335 Der
1077 2277 1162 2354 Zeug
1177 2277 1263 2336 ihrer
1279 2276 1417 2354 Sprache

200 2381 241 2439 ist
256 2397 314 2440 vor
328 2380 433 2439 vielen
447 2380 566 2440 lahren
581 2380 713 2440 erstlich
729 2398 792 2440 von
806 2381 868 2441 den
883 2382 982 2441 ihnen
998 2401 1032 2442 so
1051 2381 1234 2459 genandten
1257 2384 1414 2456 BarbariS,

201 2486 252 2546 die
267 2485 349 2546 doch
366 2487 486 2545 Witzes
500 2486 566 2546 und
582 2487 775 2547 Verstandes
797 2506 884 2566 gnug
899 2489 1028 2565 gehabt,
1044 2489 1246 2563 entstanden,
1261 2489 1418 2548 welchem

201 2595 246 2654 sie
265 2613 328 2654 von
345 2595 422 2654 lahr
437 2613 476 2654 zu
491 2595 609 2655 Jahren
626 2594 694 2653 ihre
711 2596 821 2673 eigene
836 2597 928 2654 Form
945 2594 1010 2654 und
1027 2595 1244 2673 hussbildung
1265 2597 1418 2674 gegeben,

200 2701 279 2772 und,
298 2699 338 2759 da
351 2700 395 2758 sie
410 2699 461 2759 die
476 2700 613 2777 Sprache
627 2718 667 2758 zu
683 2701 739 2760 der
752 2706 891 2779 groesten
907 2702 1005 2761 Stuile
1021 2703 1107 2761 ihrer
1126 2703 1420 2763 Vollkommenheit

200 2808 369 2888 gebracht,
394 2807 483 2867 nieht
508 2807 598 2866 mehr
617 2807 742 2887 noethig
767 2809 884 2886 gehabt
906 2826 969 2879 von
995 2808 1116 2867 andern
1142 2827 1207 2867 was
1235 2827 1273 2869 zu
1295 2810 1419 2869 entlch-

199 2935 264 2977 nen
283 2939 297 2970 »
315 2917 370 2991 (ἲ).

242 3025 374 3082 Enatam
392 3023 489 3099 igitur
502 3021 590 3081 hune
607 3022 639 3080 in
667 3021 796 3080 modum
821 3021 955 3080 barbaro
978 3020 1098 3099 gremio
1115 3021 1257 3098 linguam
1274 3039 1418 3099 graecam

201 3127 374 3188 llorholius
390 3127 451 3186 sibi
464 3128 530 3205 jam
546 3144 563 3185 a
578 3127 690 3204 primis
708 3127 913 3187 incunabulis
932 3127 965 3185 in
978 3127 1081 3186 varias
1097 3128 1342 3187 remaculorum
1357 3140 1420 3188 serss

201 3252 333 3295 monum
355 3234 478 3312 species
499 3224 649 3311 partitam
673 3234 792 3311 tingere
808 3233 935 3292 videtur
950 3234 1001 3306 (at,
1018 3251 1100 3310 quae
1123 3233 1277 3310 paulatim
1293 3237 1417 3293 tantum

204 3343 242 3406 ad
271 3347 434 3421 quattuor,
454 3359 533 3419 quas
554 3341 677 3413 dicunt,
699 3341 848 3400 classicas
873 3339 1025 3400 dialectas
1051 3338 1234 3412 reciderint,
1263 3339 1365 3400 donec
1385 3341 1417 3400 in
1510 3369 1514 3374 ·

888 3555 1407 3568 —----.-...——.

235 3687 269 3755 (t)
290 3689 360 3751 ena,
375 3692 466 3742 rr-te.

234 3789 269 3850 (2)
289 3787 347 3837 Non
363 3787 483 3842 nostrum
505 3788 545 3837 est
567 3783 616 3836 boc
634 3783 693 3836 loeo
711 3783 839 3845 Morbodi,
857 3786 949 3848 utpote
971 3786 1129 3836 Graecarum
1145 3783 1294 3835 litterarum
1322 3782 1416 3846 optimi

201 3881 321 3946 magistri
342 3879 505 3946 culturisque
527 3893 558 3931 ac
574 3879 694 3941 tantoris,
716 3878 809 3929 laudes
827 3877 968 3940 inchoare,
985 3892 1034 3929 sua
1052 3880 1123 3931 enim
1146 3892 1207 3930 eum
1227 3881 1253 3928 et
1274 3875 1371 3929 sobolis
1391 3881 1418 3928 et

200 3976 306 4039 scriptis
327 3974 484 4026 confirmata
504 3974 573 4024 lama
588 3975 653 4024 satis
665 3972 835 4025 commendat
842 3987 850 4036 ;
867 3974 966 4038 quippe
981 3974 1025 4038 qui
1044 3975 1143 4038 optimo
1161 3973 1221 4038 jure
1238 3973 1332 4038 paucis
1347 3971 1417 4022 illius

201 4071 295 4120 aetatis
308 4067 418 4120 eruditis
433 4069 570 4118 Germanis
586 4067 699 4119 adscribi
715 4069 807 4133 possit,
824 4069 869 4132 qui
894 4069 920 4118 in
940 4069 1156 4134 universautque
1171 4067 1267 4119 indies
1282 4071 1417 4120 crescente

201 4163 232 4215 de
249 4164 289 4215 bis
300 4163 396 4215 studiis
410 4164 532 4215 socordia
545 4166 570 4214 et
586 4163 757 4229 negligentia,
774 4165 916 4228 praeterita
933 4166 1053 4228 tempora
1068 4165 1174 4229 saepius
1188 4177 1239 4215 uon
1258 4165 1315 4214 sine
1328 4175 1415 4214 maes-

200 4259 257 4310 titia
270 4259 452 4324 respicientes,
469 4258 653 4323 praecipitanti
669 4270 824 4322 graecarum
838 4257 984 4308 litterarum
997 4257 1129 4320 fortunae,
1142 4258 1230 4324 quoad
1246 4258 1301 4309 tieri
1315 4261 1415 4323 posset,

200 4354 341 4405 subvenire
363 4356 426 4403 sunt
441 4354 529 4404 conati
544 4352 588 4418 (ci.
610 4353 767 4416 polyhistor,
784 4353 813 4402 T.
832 4355 850 4413 l,
876 4352 931 4402 Lib.
949 4356 973 4406 2.
997 4366 1057 4417 cap.
1082 4357 1123 4413 tt,
1140 4354 1182 4416 §9
1199 4368 1248 4418 sqq
1259 4369 1267 4416 ;
1294 4355 1415 4413 Bursian,

202 4448 348 4498 Geacln'chte
360 4449 407 4498 der
417 4448 568 4497 eluserbclen
583 4447 733 4510 l'lu'lolcpie,
751 4448 769 4508 l,
785 4450 833 4498 306
849 4461 920 4512 sqq.;
937 4447 1058 4510 Paulsen,
1070 4447 1218 4498 casamenta
1228 4449 1271 4497 ates
1283 4449 1416 4514 geleluten

208 4543 377 4604 Ualerra'cbts,
395 4545 454 4594 376.

236 4643 269 4704 (3)
293 4641 438 4701 caat.,184.
