3462 5452
758 613 796 622 ”⁸
828 594 884 640 vni
912 613 954 624 -··

302 733 379 806 Uno
401 740 518 805 autem
536 734 669 830 impetu
689 760 709 806 a
732 760 871 808 summo
886 736 1028 809 fastidio
1047 737 1081 808 in
1101 761 1281 808 summum
1299 736 1457 809 studium

249 865 423 954 conversi,
443 890 549 962 quem
567 866 628 938 diu
657 868 914 941 ultramodum
949 870 1125 966 aspernati
1148 877 1259 959 erant,
1279 895 1360 942 eum
1383 869 1459 940 lau-

247 997 352 1069 dibus
375 1023 520 1071 onerare
541 1010 740 1098 coeperunt;
761 1026 867 1100 quem
886 1003 1019 1098 patriae
1038 1005 1254 1100 proditorem
1274 1004 1459 1099 increpue-

246 1138 337 1220 rant,
357 1156 436 1203 eum
461 1133 594 1228 patriae
628 1135 910 1207 amantissimum
950 1144 1193 1231 agnoverunt3
1217 1160 1323 1233 quem
1356 1135 1459 1232 patrii

248 1265 422 1336 sermonis
457 1274 734 1362 contemptorem
765 1275 1026 1364 reputaverant,
1048 1292 1128 1340 eum
1155 1269 1259 1366 patrii
1288 1267 1461 1340 sermonis

245 1396 461 1468 reformandi
489 1405 522 1468 et
548 1399 695 1469 ornandi
725 1398 1026 1471 studiosissimum
1045 1399 1218 1471 fautorem
1236 1399 1462 1496 praedicave-

245 1536 337 1599 runt.
359 1528 450 1618 Quid
466 1531 594 1601 multa?
610 1531 825 1604 increscente
844 1531 879 1602 in
900 1530 976 1603 dies
994 1532 1120 1626 gratia,
1148 1531 1271 1628 quanti
1291 1531 1461 1602 momenti

247 1665 324 1758 ejus
352 1662 627 1760 philosophandi
656 1665 745 1736 ratio
776 1666 820 1737 ad
850 1666 1093 1762 explicandam
1120 1674 1153 1737 et
1183 1664 1460 1761 promovendam

246 1819 387 1867 omnem
406 1796 600 1868 doctrinam
624 1798 706 1870 inde
723 1823 743 1868 a
762 1798 886 1895 primis
910 1797 1040 1871 XVIIIi
1065 1799 1196 1871 saeculi
1215 1798 1316 1869 annis
1336 1797 1462 1868 fuisset

247 1928 377 1999 conscii
408 1929 563 2016 tandem,
593 1930 726 2002 nullam
756 1955 837 2003 mox
865 1939 1078 2028 putaverunt
1106 1931 1281 2002 exstitisse
1305 1927 1464 2024 discipli-

247 2084 341 2148 nam,
359 2063 459 2157 cujus
482 2071 668 2158 praecepta
684 2087 753 2134 non
772 2072 890 2136 essent
910 2065 1008 2135 abeo
1028 2065 1216 2135 emendata
1234 2071 1293 2135 aut
1310 2062 1460 2156 digesta,

247 2193 332 2289 quin
356 2192 460 2265 etiam
480 2218 522 2265 ex
544 2201 614 2266 toto
633 2195 775 2266 inventa
791 2203 824 2266 et
843 2196 969 2267 constit
997 2202 1042 2266 ta.

295 2323 340 2394 nt
362 2324 455 2396 iniis
472 2325 697 2420 potissimum
714 2351 805 2422 quae
818 2327 861 2397 ad
881 2326 1081 2421 linguarum
1099 2326 1255 2397 studium
1273 2326 1460 2422 pertinent,

249 2464 384 2528 mutata
418 2457 505 2529 haec
528 2459 646 2554 opinio
680 2483 820 2531 omnem
853 2459 1002 2530 excessit
1023 2460 1198 2546 modum;
1234 2483 1400 2555 namque,
1433 2458 1462 2529 si
1535 2519 1540 2526 ,

248 2588 427 2686 plerisque
451 2591 664 2686 germanicis
682 2593 792 2664 nostri
814 2592 945 2664 saeculi
962 2592 1212 2663 eruditissimis
1234 2591 1320 2664 viris
1352 2589 1463 2662 credi-

249 2721 357 2809 deris,
401 2723 535 2794 nullam
571 2731 650 2796 ante
689 2724 901 2797 Leibnitium
930 2725 1131 2820 linguarum
1169 2725 1462 2822 inquirendarum

250 2856 446 2927 doctrinam
466 2864 525 2927 aut
538 2857 710 2928 rationem
732 2857 921 2946 exstitisse,
942 2865 974 2929 et
993 2858 1170 2955 quidquid
1202 2859 1245 2930 de
1265 2883 1306 2929 ea
1327 2881 1364 2928 re
1384 2863 1462 2928 ante

250 3014 330 3061 eum
349 2989 395 3061 sit
409 2996 580 3060 tentatum
599 3015 638 3061 ac
667 2991 887 3086 propositum
910 3015 1001 3062 vana
1032 2997 1167 3062 tantum
1190 2990 1341 3078 somnia,
1361 3013 1465 3060 caeca

249 3131 283 3196 et
302 3123 443 3196 turbida
473 3124 623 3220 incepta,
667 3124 806 3195 fallacia
838 3133 872 3195 et
905 3123 1138 3219 incomposita
1172 3123 1319 3196 consilia
1353 3122 1464 3194 fuisse

249 3256 352 3328 facile
370 3257 563 3354 putaveris,

300 3387 442 3460 Primus
467 3388 574 3476 enim,
593 3389 621 3459 si
636 3389 687 3460 eis
707 3389 751 3460 sit
768 3387 857 3460 fides
877 3389 1052 3476 habenda,
1079 3390 1223 3462 sublimi
1244 3398 1277 3461 et
1306 3389 1464 3460 omnium

250 3545 369 3594 rerum
402 3521 520 3618 capaci
553 3521 694 3618 ingenio
728 3523 868 3610 ductuS,
897 3529 1005 3593 totam
1032 3522 1233 3618 linguarum
1269 3522 1464 3594 doctrinam

255 3683 271 3719 u
292 3652 423 3725 creavit
444 3661 478 3724 et
496 3654 665 3726 revelavit
687 3685 718 3742 u,
740 3657 816 3752 ejus
845 3654 950 3725 finem
977 3655 1162 3750 perspicue
1191 3656 1339 3728 intuitus
1363 3663 1466 3727 estet

252 3787 375 3883 quanti
397 3811 440 3858 ea
461 3788 629 3886 momenti
645 3789 689 3860 ad
703 3788 886 3860 historiam
906 3787 950 3859 sit
960 3787 1075 3860 lucide
1094 3789 1265 3861 intellexit
1282 3814 1289 3878 ;
1313 3790 1462 3886 primus

254 3945 403 3993 excusso
429 3919 581 3992 hebraici
603 3920 776 3991 sermonis
790 3922 891 4016 ΜΟ,
908 3944 992 3991 vera
1010 3921 1186 4016 quaedam
1202 3922 1246 3992 de
1264 3921 1465 4016 linguarum

252 4052 448 4149 originibus
468 4059 501 4124 et
516 4051 792 4124 connexionibus
809 4049 974 4148 patefecit
993 4076 1124 4148 easque
1142 4052 1177 4122 in
1196 4061 1308 4125 certos
1325 4052 1467 4125 ordin'es

253 4186 434 4260 distribuit
452 4209 459 4273 ;
482 4185 631 4282 primus,
655 4192 759 4281 atque
777 4185 811 4255 in
836 4185 895 4256 illo
911 4185 1051 4256 saeculo
1071 4185 1181 4273 solus,
1199 4186 1466 4284 etymologicem

254 4319 467 4393 indebitum
486 4320 655 4391 honorem
683 4319 848 4406 restituit,
874 4343 1031 4415 sanaque
1051 4319 1253 4416 inquirendi
1282 4319 1416 4393 ratione
1435 4329 1469 4393 et

261 4453 415 4526 definitis
433 4451 571 4550 legibus
589 4451 754 4542 donavit;
782 4453 878 4524 solus
894 4452 1050 4542 tandem,
1070 4477 1150 4526 cum
1182 4453 1285 4550 plane
1306 4454 1467 4526 conscius
