3462 5452
868 601 1059 685 ..90..

358 779 373 819 u
395 757 434 824 ab
454 753 620 824 iteratione
645 781 659 818 u
681 757 741 840 (t);
765 761 876 822 erottea
889 781 911 824 :
925 775 991 824 was
1016 777 1090 822 man
1112 751 1255 822 attera
1278 753 1329 840 (2)
1354 751 1529 840 erciapper
1543 775 1567 820 ·.·.

360 868 507 952 aebiippe,
518 869 765 931 instrumentum
776 869 861 947 quod
878 868 1007 942 amovit,
1020 863 1372 950 schuppetsquammai‚
1383 863 1470 944 quod
1486 879 1581 924 amo·

357 978 453 1038 ribite
470 977 581 1058 est(3);
600 995 689 1057 cupa,
705 975 823 1050 oculus,
840 967 927 1048 ὄμμα,
951 997 1004 1052 aa,
1026 996 1062 1049 ω,
1079 995 1148 1050 oue,
1171 977 1287 1049 insula,
1305 975 1427 1054 aliquid
1443 975 1577 1035 scilicet

358 1085 533 1146 rotundum
562 1089 594 1146 et
621 1085 843 1146 conclusum»
867 1084 920 1164 (t).
951 1085 1145 1146 Leibnitium
1171 1088 1277 1145 autem
1303 1101 1367 1144 una
1394 1082 1580 1160 eademque

359 1192 542 1271 inquirendi
566 1193 690 1253 ratione
705 1209 830 1270 semper
845 1197 876 1252 et
889 1192 1010 1270 ubique
1036 1193 1134 1253 fuisse
1155 1210 1252 1253 usum
1274 1192 1443 1252 innumera
1456 1190 1581 1250 docent

357 1300 408 1360 vel
425 1300 513 1360 iniis
536 1301 725 1361 tractatibus
745 1300 956 1372 occurrentia,
969 1317 1049 1378 quos
1074 1301 1106 1360 in
1131 1300 1253 1360 ultimis
1277 1300 1359 1360 vitae
1384 1317 1460 1360 suae
1480 1298 1579 1360 annis

363 1406 562 1484 composuit;
594 1423 693 1466 unum
718 1405 770 1466 bie
798 1410 921 1467 tantum
948 1423 963 1466 e
989 1406 1098 1466 libello
1112 1406 1265 1484 inscripto
1279 1404 1450 1466 Noaveaoe
1465 1403 1580 1465 Eaaaia

364 1511 586 1590 depromptum
613 1529 861 1574 commemorare
887 1518 935 1573 sat
958 1513 1018 1573 erit
1039 1532 1046 1573 ε
1070 1537 1084 1568 u
1101 1511 1185 1593 tepeo
1208 1515 1335 1588 (mettre
1355 1509 1578 1590 douoement),

363 1616 438 1678 d'oir
451 1618 537 1678 vient
554 1616 649 1699 tieqeu
666 1617 842 1698 (conober),
925 1617 1002 1700 lopo,
1019 1618 1067 1680 iob
1089 1617 1157 1693 lese,
1176 1621 1208 1698 je
1225 1637 1364 1681 ramasse
1384 1638 1419 1681 ee
1441 1619 1543 1699 qu'on
1562 1635 1580 1680 a

360 1727 423 1787 mis
437 1726 526 1800 (e'est
539 1726 568 1786 le
584 1727 741 1786 contraire
756 1727 798 1787 du
811 1729 935 1802 mettre)
952 1749 966 1781 »
983 1725 1039 1805 (5).

403 1835 441 1894 bt
464 1834 555 1893 nulla
578 1833 753 1894 Leibnitius
775 1833 891 1912 majori
916 1834 1023 1894 studio
1047 1837 1235 1912 argumenta
1260 1834 1402 1894 emittere
1428 1832 1577 1903 molitur,

365 1957 459 2018 quam
484 1957 566 2017 quae
588 1939 648 2017 ipsi
676 1957 714 1999 ex
734 1941 933 2018 analogismo
952 1940 1090 2018 petenda
1113 1939 1283 2013 videntur;
1313 1939 1346 1999 in
1361 1957 1425 2018 quo
1441 1937 1578 2017 quidem

364 2045 546 2106 definiendo
561 2063 627 2106 non
642 2045 786 2123 estquod
803 2045 859 2107 diu
877 2064 913 2106 ae
929 2047 1065 2107 multum
1082 2047 1282 2119 haereamus
1300 2063 1373 2106 eum
1388 2046 1483 2123 plane
1499 2044 1577 2104 setis

364 2153 461 2214 tuerit
483 2153 563 2212 baec
587 2152 687 2230 ipsius
712 2154 851 2214 auctoris
876 2154 915 2214 ad
938 2153 1108 2214 Ludolium
1132 2154 1300 2214 scribentis
1325 2154 1420 2214 verba
1439 2154 1575 2214 afferre:

366 2259 550 2338 «Equidem
567 2259 703 2320 arbitror
718 2263 749 2320 et
762 2277 831 2338 ego,
849 2261 1011 2320 literarum
1029 2261 1062 2320 in
1075 2261 1208 2321 vocibus
1223 2261 1288 2321 vim
1308 2260 1467 2338 quandam
1482 2265 1575 2320 natu·

366 2367 464 2427 ratem
479 2365 564 2444 apud
579 2366 737 2439 homines,
753 2367 876 2444 impetu
891 2366 1031 2444 quodam
1054 2368 1186 2427 nomina
1209 2368 1309 2446 magis
1324 2385 1422 2446 quam
1436 2367 1574 2427 oonsilio

362 2473 485 2544 dantes,
499 2491 592 2550 saepe
605 2473 744 2533 valuisse
759 2496 773 2526 u
793 2473 849 2552 (6).
871 2473 963 2546 Quod
976 2473 1106 2551 quidem
1122 2479 1326 2552 praeceptum
1343 2475 1381 2533 ab
1396 2491 1433 2534 eo
1450 2490 1577 2551 semper

364 2583 395 2638 et
420 2579 538 2658 ubique
565 2597 623 2657 pro
651 2580 800 2639 universa
825 2580 893 2657 lege
923 2584 953 2639 et
978 2597 1091 2640 norma
1115 2598 1183 2640 esse
1207 2579 1366 2653 habitum,
1390 2584 1458 2640 tota
1479 2581 1575 2658 plane

365 2685 561 2746 demonstrat
589 2686 681 2758 ratic,
705 2704 768 2764 qua
796 2687 829 2746 in
851 2686 961 2747 libello
985 2687 1138 2764 inscripto
1160 2684 1333 2746 Noooeaua
1354 2685 1463 2748 Essais
1479 2689 1519 2766 (t)
1537 2688 1575 2748 de

362 2794 530 2855 nominum
545 2793 750 2871 impositione
761 2793 1023 2870 disceptationem
1038 2795 1177 2854 instituit
1192 2798 1222 2854 et
1232 2795 1413 2873 praecipuis
1426 2795 1575 2857 vocabuli

363 2903 520 2980 cujusque
534 2901 647 2962 litteris
668 2901 794 2960 insitam
812 2901 983 2978 quamdam
1008 2901 1275 2982 significationem
1301 2900 1461 2975 vindieat;
1480 2907 1575 2980 atque

363 3013 441 3068 tunc
454 3007 657 3085 potissimum
669 3024 797 3068 cernere
809 3006 917 3067 datum
931 3012 1088 3085 quantum
1103 3009 1136 3067 in
1147 3007 1352 3085 explicandas
1366 3008 1576 3087 etymologias

366 3116 522 3194 quaslibet
541 3115 695 3175 auxilium
711 3113 784 3174 inde
801 3131 926 3175 sumere
944 3133 1053 3192 queas.
1071 3115 1130 3176 Ubi
1147 3116 1244 3188 enim,
1262 3119 1298 3176 ut
1324 3116 1482 3193 quaedam
1501 3117 1575 3176 atie-

364 3227 476 3283 rantur
499 3222 655 3299 exempla,
683 3238 741 3298 pro
766 3225 858 3298 pacto
881 3221 1032 3282 habueris
1060 3225 1118 3282 «H
1139 3223 1318 3302 significare
1348 3225 1574 3294 elevationem,

369 3347 451 3409 quae
465 3330 525 3408 ipsi
540 3328 796 3407 pronuntiationi
820 3330 932 3390 inest»
959 3328 1013 3407 (8),
1039 3329 1271 3391 nihilomnino
1288 3331 1354 3409 jam
1377 3331 1482 3392 obstat
1499 3331 1576 3410 quin

365 3436 568 3515 insequentia
591 3435 748 3495 voeabula
772 3436 931 3496 artissimo
956 3436 1039 3497 inter
1061 3454 1094 3497 se
1117 3455 1202 3497 nexu
1226 3438 1399 3516 conjuncta
1421 3455 1573 3500 censeas:

366 3568 381 3600 (ι
396 3543 483 3617 boch,
500 3541 604 3617 beben,
615 3541 738 3616 heaven,
749 3541 844 3615 laevet,
857 3542 966 3624 haupt,
982 3549 1088 3622 caput,
1102 3541 1184 3623 quito
1196 3542 1324 3622 (hebr),
1335 3542 1433 3604 hodor
1449 3545 1574 3624 theba),

369 3649 439 3712 Hor
463 3652 588 3729 (Mons),
611 3640 684 3723 ὅρος,
706 3668 783 3732 pora
809 3652 919 3727 (rusa)
938 3649 992 3730 (9).
1012 3673 1026 3704 »
1052 3651 1121 3710 Pari
1146 3650 1281 3724 ratione,
1306 3651 1332 3711 si
1350 3652 1414 3725 «K,
1439 3651 1574 3714 naturali

401 3881 438 3950 (t)
456 3884 528 3944 liat„
542 3884 584 3945 Vt,
599 3896 661 3948 pars
676 3886 701 3945 2,
715 3896 741 3949 p.
762 3885 804 3934 et.

400 3981 438 4048 (2)
507 4003 538 4016 -
660 4004 690 4016 -
763 3980 805 4029 56.

399 4074 440 4135 (3)
510 4099 539 4111 -
662 4097 683 4112 -
764 4075 806 4123 57.

404 4167 440 4232 (t)
512 4194 542 4206 -
662 4193 692 4205 -
764 4168 806 4217 69.

403 4260 439 4329 (5)
458 4263 599 4313 Noaveuux
612 4263 710 4324 Esaeae,
724 4257 765 4314 ed.
779 4263 866 4323 tenet,
880 4262 899 4324 1,
914 4263 973 4313 271.

400 4363 437 4426 (6)
455 4359 528 4418 Dat„
542 4359 585 4419 Vt,
600 4370 661 4423 pers
675 4360 700 4419 2,
714 4371 740 4422 p.
756 4357 815 4408 rm.

402 4453 437 4523 (r)
456 4445 503 4505 dd.
516 4454 603 4515 tanet,
618 4454 638 4514 r,
653 4453 772 4503 aru-ari.

403 4554 440 4616 (8)
460 4551 531 4612 Dat,
546 4549 588 4608 Vt,
605 4561 667 4613 pars
682 4550 707 4609 2,
722 4561 748 4613 p.
764 4549 822 4598 mr.

404 4649 442 4712 (9)
509 4671 538 4683 -
628 4669 655 4681 -
763 4640 799 4694 td.
