3462 5452
880 603 1071 686 ..Q-

370 753 471 826 inulta
487 761 592 826 essent
607 755 811 844 aequimoda,
835 765 860 824 si
877 765 1088 844 etymologice
1113 775 1255 844 unquam
1282 775 1332 826 ars
1358 753 1524 845 quaedam
1554 761 1585 824 et

372 872 542 950 disciplina
564 871 626 934 dici
645 872 782 932 deberet.

411 977 472 1040 Sed
485 978 658 1056 quominus
671 995 738 1038 sese
752 978 785 1038 in
800 977 857 1040 has
873 978 1297 1056 quaestionesexpediendas
1313 982 1416 1040 totum
1427 979 1588 1040 conterret

372 1090 402 1146 et
423 1086 468 1146 eis
492 1085 569 1145 solis
588 1083 775 1146 continuam
799 1102 910 1145 curam
933 1084 1141 1162 impenderet,
1168 1086 1237 1164 ipsa
1264 1087 1391 1147 vetabat
1415 1087 1586 1147 distractae

372 1195 454 1254 inter
479 1192 713 1253 diversissimos
737 1192 861 1253 labores
888 1191 972 1252 vitae
999 1191 1092 1252 ratio.
1118 1191 1205 1252 hddc
1231 1192 1317 1270 quod
1337 1193 1588 1272 etymologicam

372 1305 472 1360 artem
498 1297 666 1359 colendam
690 1313 893 1375 nequaquam
916 1296 1055 1375 gratuito
1084 1302 1115 1358 el
1135 1298 1300 1374 proximae
1315 1297 1466 1358 utilitatis
1489 1298 1587 1357 oblito

372 1423 479 1466 arnore
495 1408 699 1481 susceperat;
719 1403 784 1476 sed,
812 1403 851 1463 ad
875 1421 946 1463 earn
968 1404 1108 1481 primum
1132 1407 1253 1463 secreto
1276 1401 1417 1481 quodam
1444 1402 1587 1480 impulsu

371 1510 555 1589 perductus,
578 1509 629 1569 cui
656 1510 783 1569 animus
807 1509 846 1570 ad
872 1510 1074 1588 conjecturas
1100 1509 1251 1588 proclivis
1277 1510 1369 1570 lacile
1396 1509 1586 1580 indulserat,

372 1615 576 1693 hancpotius
603 1633 641 1675 cx
666 1633 702 1675 ea
726 1620 813 1694 parte
842 1616 1036 1688 intuebatur,
1066 1633 1128 1693 qua
1155 1633 1228 1676 cum
1252 1616 1401 1678 universa
1426 1617 1587 1676 humanae

373 1722 486 1783 mentis
503 1721 637 1782 scientia
650 1722 824 1799 eonjuueta
838 1727 931 1796 esset,
949 1726 979 1782 et
994 1722 1134 1782 utilitate
1158 1721 1362 1799 potissimum
1380 1723 1585 1793 metiebatur,

373 1845 468 1907 quem
480 1845 591 1906 graves
605 1845 642 1889 ex
657 1827 790 1888 historia
807 1833 837 1889 et
850 1827 1058 1906 philosophia
1075 1829 1162 1888 locos
1183 1829 1331 1888 tractanti
1358 1846 1397 1888 ex
1421 1845 1458 1890 ee
1474 1845 1586 1906 capere

374 1937 494 1996 liceret.

412 2042 682 2119 Quotiescumque
703 2045 809 2100 auteur
835 2057 867 2100 se
892 2041 1006 2118 raptim
1028 2040 1067 2100 ad
1092 2040 1338 2119 etymologicam
1367 2041 1583 2114 convertebat,

372 2153 589 2228 praematuras
619 2147 771 2226 quasdem
797 2147 1036 2225 complexiones
1065 2146 1139 2207 inde
1161 2148 1317 2208 conticere
1343 2147 1381 2208 de
1411 2147 1584 2227 improviso

373 2260 518 2328 conatus,
534 2255 638 2333 primo
652 2254 759 2314 statim
775 2254 941 2326 sentiebat,
958 2269 1053 2331 quam
1083 2253 1203 2314 incerta
1218 2259 1334 2326 essent,
1345 2271 1427 2338 quae
1440 2255 1584 2316 diceren-

372 2367 435 2434 tur,
453 2361 544 2422 istius
558 2361 745 2440 disciplinae
759 2364 939 2438 praecepta,
963 2377 1061 2438 quam
1084 2361 1253 2421 temeraria
1275 2361 1345 2439 ejus
1368 2359 1582 2424 concludendi

373 2469 466 2541 ratio,
482 2483 577 2546 quam
598 2467 723 2526 infirma
738 2471 769 2526 et
789 2482 901 2525 manca
925 2465 995 2543 ejus
1017 2466 1197 2539 methodus,
1223 2467 1247 2527 si
1276 2467 1373 2529 modo
1397 2467 1583 2530 methodum

373 2575 539 2635 nominare
556 2574 666 2634 liceret
683 2572 922 2634 observationes
938 2571 1105 2649 quasdam,
1122 2573 1239 2651 quibus
1254 2573 1391 2652 quisque
1407 2573 1541 2636 libidine
1556 2576 1585 2634 et

375 2681 503 2744 licentia
520 2698 576 2740 sua
595 2697 652 2758 pro
676 2679 799 2758 legibus
820 2683 973 2739 uteretur.
995 2679 1190 2757 Necopinalo
1218 2679 1314 2758 igilur
1336 2684 1367 2741 et
1387 2682 1478 2759 quasi
1494 2697 1584 2760 prae·

376 2794 570 2860 tercurrenS,
588 2787 642 2847 ubi
658 2803 707 2846 res
722 2785 765 2846 ita
778 2785 909 2856 serebat,
925 2785 1066 2845 notanda
1081 2785 1238 2863 quaedem
1264 2786 1426 2848 indicabat
1449 2794 1506 2848 aut
1519 2789 1583 2866 ipsc

376 2895 480 2954 statim
498 2895 592 2954 solite
613 2893 788 2952 subtilitate
809 2897 840 2952 et
855 2892 1008 2953 brevitate
1028 2892 1200 2971 colligebat
1221 2898 1251 2953 ot
1277 2895 1488 2972 concipiebat,
1504 2909 1584 2974 quae

375 3002 424 3061 vel
443 3000 482 3060 ad
499 3001 642 3078 singulas
658 2999 702 3059 roi
719 2999 950 3077 etynmlogicae
963 3003 1068 3078 partes
1082 3000 1131 3060 vel
1148 2999 1186 3059 ad
1207 3001 1393 3061 universnm
1408 3001 1507 3081 hujus
1523 3001 1584 3062 dis·

374 3107 511 3186 ciplinae
527 3105 669 3165 studium
683 3103 774 3164 valde
788 3104 947 3182 pertinere
961 3103 1162 3180 viderentur;
1186 3122 1249 3183 quo
1274 3106 1358 3168 iacto
1378 3108 1525 3186 protinus
1546 3104 1583 3166 ed

375 3231 505 3276 causam
526 3212 650 3273 redibat
673 3217 727 3272 aut
751 3210 791 3272 ad
813 3211 891 3272 alias
915 3227 965 3271 res
990 3211 1156 3285 transibat,
1185 3230 1258 3273 cum
1290 3213 1378 3274 vario
1404 3213 1582 3275 studiorum

374 3320 493 3381 vortice
509 3318 547 3380 ad
560 3336 660 3379 novas
675 3335 800 3396 semper
814 3335 907 3379 curas
922 3323 953 3378 ei
965 3318 1175 3396 cogitationes
1191 3323 1355 3397 reperetur
1370 3318 1424 3400 (i).

413 3428 492 3488 Cum
514 3426 622 3505 igitur,
647 3424 812 3504 praecipiti
838 3441 946 3497 cursu,
967 3425 1199 3504 etymologicae
1225 3443 1351 3486 summa
1370 3443 1529 3506 quaeque,
1549 3428 1582 3486 ut

375 3535 419 3594 ita
441 3533 558 3604 dicem,
583 3531 708 3604 libaret,
737 3549 784 3604 ac,
811 3535 958 3591 currente
980 3531 1117 3604 calamo,
1148 3530 1279 3592 subtilia
1304 3531 1461 3610 quaedam
1488 3537 1521 3594 et
1542 3529 1580 3593 ad

374 3641 564 3703 concinnam
585 3639 719 3699 sormam
742 3637 869 3698 redacta
893 3641 1061 3716 praecepta
1083 3639 1275 3712 enuntiaret,
1303 3656 1416 3718 parum
1439 3641 1581 3719 proiecto

374 3765 485 3808 curare
501 3745 679 3818 videbatur,
697 3761 760 3823 qua
775 3743 897 3804 ratione
913 3748 968 3804 aut
982 3760 1046 3822 quo
1061 3761 1146 3805 nexu
1166 3761 1312 3823 quaeque
1328 3745 1434 3806 subito
1452 3763 1582 3807 succur-

373 3872 447 3917 rens
461 3852 618 3915 sententia
632 3869 705 3913 eum
716 3851 860 3930 qualibet
874 3851 948 3924 alia,
961 3851 999 3910 ab
1016 3850 1085 3928 ipso
1097 3850 1163 3930 jam
1178 3855 1271 3912 antea
1285 3852 1349 3912 alio
1365 3853 1436 3913 loco
1453 3854 1580 3926 emissa,

406 4149 541 4213 illistam
565 4155 645 4205 enimi
666 4155 872 4218 inclinationem,
895 4169 948 4224 que
967 4171 1071 4225 sempor
1092 4156 1125 4210 ed
1148 4170 1215 4210 nova
1239 4167 1361 4225 quaeque
1384 4155 1470 4223 primo
1492 4154 1582 4206 stetim

373 4249 557 4316 amplectenda
578 4263 706 4318 praeceps
720 4249 862 4313 terebatur,
884 4251 1017 4305 subtiliter
1038 4251 1163 4306 describit
1179 4265 1248 4304 unus
1266 4265 1280 4305 e
1294 4250 1472 4304 devotissimis
1486 4247 1582 4302 summi

373 4344 521 4414 philosoph!
544 4344 734 4408 laudatoribus,
757 4346 856 4400 seilicet
878 4347 1030 4414 praeclarus
1045 4351 1071 4401 et
1093 4347 1258 4402 reuerendus
1280 4345 1436 4409 Boechblus,
1455 4347 1500 4414 qui
1521 4343 1583 4398 lodo

372 4443 542 4510 praeeipuam
563 4455 671 4494 causam
690 4445 806 4510 repetere
820 4457 872 4496 non
887 4443 1000 4508 dubitat,
1017 4459 1073 4508 cur,
1090 4444 1123 4498 de
1134 4448 1173 4499 toi
1185 4444 1302 4499 selenitis
1315 4443 1429 4496 vicissim
1444 4453 1581 4496 commen·

373 4543 454 4602 tetus,
479 4538 622 4592 leibnitius
635 4539 667 4593 de
683 4539 816 4610 plerisque
835 4540 907 4596 nulle
929 4540 991 4605 iere,
1015 4543 1062 4595 olel
1088 4541 1222 4610 praeclare
1244 4540 1351 4614 quidem
1379 4537 1513 4604 inchoata,
1536 4537 1582 4596 sad

372 4633 531 4717 piamenta
546 4637 648 4692 tantun
664 4633 812 4712 iraqmenis
827 4637 961 4712 reliquerit
973 4635 1017 4712 tot.
1035 4633 1154 4696 boclb'r
1168 4629 1290 4694 dietam
1303 4635 1427 4714 soloen,
1445 4635 1489 4704 iii,
1508 4632 1546 4712 i).
