3446 5452
723 641 757 660 --
797 601 865 680 149
897 643 934 663 w

205 755 414 822 eruditorum
430 757 667 839 studioperlodi
677 759 793 823 latinae
807 757 1059 839 complexionem
1071 762 1101 820 et
1116 757 1267 820 circuitus
1283 751 1421 834 admisit,

206 870 347 934 liberam
362 877 468 934 tamen
490 878 521 934 et
538 872 719 952 expeditam
742 873 860 933 latinae
877 870 1005 950 linguae
1021 869 1053 930 in
1078 869 1249 931 verborum
1269 885 1423 929 consecu-

210 980 304 1040 tione
320 985 511 1042 structuram
528 982 662 1042 minime
677 981 813 1042 servavit
827 983 871 1056 (l)
887 998 893 1040 :
911 978 996 1056 quod
1014 977 1146 1056 quidem
1161 977 1260 1037 elficit
1273 976 1420 1048 articulo,

209 1089 454 1166 praepositioni,
472 1089 619 1149 auxiliari
642 1090 736 1149 verbo
768 1095 799 1150 et
818 1088 889 1148 aliis
917 1091 1021 1148 certus
1052 1087 1085 1146 in
1110 1102 1239 1164 quoque
1269 1084 1422 1145 orationis

212 1196 360 1257 membro
376 1197 555 1276 assignatus
569 1198 670 1270 locus,
687 1197 908 1276 undegrerior
921 1201 951 1257 ot
965 1195 1143 1256 intricatior
1168 1197 1270 1254 exstat
1291 1210 1423 1270 compo-

213 1304 302 1376 sitio,
319 1323 414 1383 quam
431 1305 464 1366 in
477 1306 590 1367 ceteris
605 1306 837 1366 recentioribus
850 1305 980 1384 linguis,
992 1304 1162 1382 praecipue
1179 1303 1212 1362 in
1226 1301 1336 1362 Italica
1352 1301 1402 1376 a).

252 1410 431 1471 Fatendum
458 1416 506 1472 est
531 1396 664 1490 insuper
688 1412 807 1485 deesse,
831 1411 1019 1490 praesertim
1041 1409 1183 1488 politiori
1215 1427 1233 1469 a
1258 1407 1423 1470 Germanis

213 1520 369 1594 usurpato
382 1520 533 1590 sermoni,
550 1520 825 1591 multavocabula,
842 1536 923 1596 quae
939 1518 1141 1596 aperegrinis
1155 1517 1284 1595 linguis,
1299 1515 1425 1593 potissi-

211 1640 305 1682 mum
318 1625 471 1702 agallim,
484 1625 663 1686 mutuanda
676 1611 761 1698 sunt,
777 1626 905 1687 nullum
918 1625 1140 1708 suppeditante
1155 1624 1286 1701 proprio
1299 1623 1421 1700 patriae

208 1729 339 1808 linguae
350 1731 449 1804 sonte,
466 1749 530 1809 quo
544 1751 690 1811 quaeque
706 1734 865 1793 sententia
881 1751 981 1810 aeque
994 1733 1211 1811 significanter
1227 1735 1259 1790 et
1275 1745 1422 1807 expresse
1503 1797 1507 1806 Ι

211 1837 398 1896 enuntietur
411 1838 464 1910 (3).
478 1840 552 1910 Nec,
570 1840 596 1899 si
610 1839 799 1899 conficiendi
817 1840 966 1899 carminis
979 1840 1136 1899 rationem
1148 1839 1303 1914 inquiraS,
1321 1837 1423 1908 abun-

209 1941 265 2002 dat
277 1943 388 2021 lingua
410 1945 467 2004 illa
491 1946 703 2022 epithetorum
721 1947 823 2024 copia,
843 1965 906 2025 qua
935 1947 1074 2007 maxime
1090 1945 1284 2025 splendescit
1300 1945 1420 2018 italica,

211 2053 267 2107 aut
281 2065 319 2107 ea
334 2050 582 2111 translationum
598 2052 753 2123 ubertate,
763 2071 827 2131 qua
842 2052 962 2112 ditatur
974 2053 1092 2116 cultior
1106 2052 1243 2130 quisque
1252 2069 1357 2112 sermo
1369 2050 1422 2123 (ll.

211 2157 386 2229 Postremo,
405 2159 551 2234 quamvis
562 2158 601 2218 ad
615 2159 814 2219 enuntianda
827 2159 1014 2237 quotidiana
1030 2163 1061 2219 et
1085 2159 1229 2237 vulgaria
1255 2159 1334 2219 satis
1350 2162 1424 2235 apta

211 2262 264 2334 sit,
281 2263 447 2323 abstractis
462 2269 494 2323 et
517 2265 774 2342 incorporalibus
797 2266 866 2325 istis
893 2270 979 2326 caret
1005 2265 1181 2336 vocabulis,
1199 2265 1317 2341 quibus
1336 2267 1424 2323 tanta

211 2368 259 2427 vis
273 2370 389 2447 gallico
407 2372 545 2430 sermoni
562 2373 707 2450 contigit,
720 2390 757 2432 ac
776 2391 851 2449 prae
866 2373 979 2432 ceteris
1007 2372 1199 2441 britannico,
1227 2388 1424 2448 quamquam

210 2453 236 2534 is
251 2477 400 2552 proniore
417 2476 523 2537 studio
536 2477 722 2555 hujusmodi
738 2479 834 2538 verbo
849 2479 882 2538 in
895 2479 1091 2538 carminibus
1106 2483 1239 2554 usurpet
1254 2479 1306 2551 (ot.

251 2583 488 2655 Quidmulta‘l
509 2585 740 2662 Complectenti
766 2586 902 2646 breviter
929 2585 1047 2657 omnia,
1074 2602 1156 2662 quae
1183 2584 1354 2644 Morhofrus
1385 2583 1424 2643 de

211 2691 313 2767 patria
329 2691 439 2768 lingua
458 2695 590 2769 questus
612 2695 669 2764 est,
685 2692 792 2753 lucide
813 2696 953 2769 apparet,
971 2690 1083 2751 eadem
1101 2691 1166 2768 jam
1191 2691 1229 2749 ab
1246 2708 1295 2764 eo,
1318 2690 1423 2749 allatis

211 2801 295 2857 certe
319 2798 466 2875 pluribus
493 2800 649 2877 exemplis
684 2804 715 2860 et
742 2799 946 2860 uberioribus
975 2800 1184 2877 argumentis
1218 2798 1421 2876 reprebendi,

214 2923 295 2982 quae
311 2907 486 2966 Leibnitius
501 2908 598 2984 paulo
619 2912 691 2984 post
706 2907 823 2967 iterum
838 2907 1049 2982 vituperavit,
1073 2922 1133 2965 nec
1148 2906 1215 2965 ulla
1231 2906 1269 2964 ab
1286 2905 1348 2965 boc
1361 2905 1424 2964 nisi

214 3031 232 3072 a
248 3013 399 3073 Morbosro
415 3013 538 3073 dudum
552 3018 662 3073 notata
677 3014 852 3083 enuntiari,
869 3031 944 3073 cnm
959 3011 1185 3071 animadvertit
1199 3012 1238 3071 ad
1254 3011 1285 3071 id
1299 3012 1426 3071 virtutis

213 3122 243 3178 et
264 3119 472 3179 excellentiae
498 3121 643 3197 linguam
668 3121 887 3199 germanicam
914 3136 983 3178 esse
1006 3118 1174 3195 hucusque
1203 3122 1356 3189 evectam,
1389 3124 1426 3178 ut

213 3229 331 3286 cuncta
345 3225 439 3285 facile
454 3231 630 3302 expromat,
648 3244 729 3303 quae
745 3227 887 3303 quinque
901 3225 1047 3284 sensibus
1063 3225 1296 3302 percipiuntur,
1314 3225 1425 3284 minus

214 3331 418 3391 commodam
435 3336 539 3392 autem
557 3338 587 3392 et
602 3334 763 3410 copiosam
780 3349 849 3392 eam
865 3333 1012 3403 inveniri,
1029 3333 1085 3391 ubi
1104 3331 1142 3391 de
1158 3333 1196 3390 iis
1214 3337 1326 3409 agatur
1344 3351 1426 3408 quae

210 3455 270 3496 nec
288 3455 415 3497 cernere
431 3455 490 3498 nec
506 3439 634 3510 sentire,
651 3438 705 3498 sed
722 3439 916 3516 cogitatione
931 3443 1059 3496 tantum
1075 3438 1201 3514 assequi
1217 3438 1293 3497 licet
1310 3437 1363 3516 (6).

251 3545 423 3620 Postquam
452 3550 560 3604 autem
594 3549 658 3604 tem
699 3545 821 3604 sincera
854 3543 1026 3603 Morhofius
1055 3545 1149 3620 plane
1173 3543 1338 3603 confessus
1366 3549 1425 3616 est,

213 3649 371 3725 aequitate
387 3654 510 3709 tantum
527 3667 602 3710 eum
619 3668 686 3710 esse
702 3669 800 3710 usum
823 3640 1066 3718 existimaveris,
1093 3665 1164 3708 cum
1190 3648 1328 3708 tuendae
1346 3666 1426 3725 quo-

214 3771 287 3831 que,
308 3755 415 3832 quoad
440 3757 508 3816 lieri
532 3760 637 3832 potest
661 3760 692 3816 et
714 3757 839 3833 justum
862 3755 998 3825 videtur,
1026 3756 1148 3832 patriae
1171 3756 1298 3834 linguae
1320 3762 1428 3832 partes

217 3878 326 3920 rursus
351 3862 495 3938 suscipit,
522 3880 593 3922 eam
619 3863 831 3922 nibilominus
856 3863 1047 3940 quibusdam
1072 3862 1200 3922 dotibus
1228 3865 1321 3922 etiarn
1349 3869 1427 3926 tunc

1280 4043 1423 4051 ——..—.

251 4127 285 4190 p)
305 4127 374 4184 um..
390 4130 448 4177 oro.

245 4224 279 4280 (ul
299 4221 375 4282 roim,
390 4226 448 4280 666,
466 4226 523 4273 668.

251 4317 283 4381 (a)
304 4315 380 4377 rma,
397 4320 455 4368 ceo.

250 4415 286 4476 (r)
305 4410 379 4471 rau,
395 4416 515 4464 cor-mo.

250 4505 286 4572 (5)
306 4505 380 4565 ibid,
396 4511 441 4557 ml
458 4521 519 4572 sqq.

247 4605 282 4664 (6)
304 4601 366 4653 Una.
384 4601 459 4662 aed„
473 4603 488 4668 ᾖ
504 4605 528 4662 9,
544 4607 584 4664 16,
602 4609 641 4660 15,
