3462 5452
858 613 1075 692 mas-

420 763 454 828 ln
469 766 666 846 germanicas
684 766 889 844 potissimum
905 765 1116 846 etymologias
1132 765 1221 828 omni
1237 764 1429 844 cogitatione
1443 769 1475 826 et
1488 769 1581 842 pecu-

382 874 451 934 liari
468 892 544 938 cura
565 873 750 934 incubuisse
765 874 956 935 Leibnitium
972 874 1058 935 baud
1074 892 1166 953 aegre
1186 875 1319 934 forsitan
1334 875 1388 934 ille
1404 873 1580 943 crediderit,

379 981 433 1058 qui
450 985 554 1040 tantas
568 980 606 1040 de
622 981 743 1058 optimo
759 985 789 1040 ct
809 980 1057 1054 studiosissimo,
1079 982 1133 1059 qui
1152 1000 1294 1060 unquam
1310 983 1473 1054 exstiterit,
1495 981 1582 1041 resti-

376 1087 515 1148 tuendae
530 1093 562 1148 et
576 1088 813 1166 promovendae
828 1089 956 1167 linguae
972 1090 1173 1168 germanicae
1186 1089 1310 1170 fautore
1325 1090 1504 1150 cumulatas
1520 1089 1582 1148 lau-

380 1195 434 1256 des
448 1197 630 1274 respexerit.
654 1195 745 1268 Quod
764 1196 858 1273 longe
878 1213 971 1256 secus
987 1199 1048 1256 est:
1063 1213 1213 1274 namque,
1230 1196 1256 1256 si
1272 1197 1397 1256 brevem
1413 1194 1582 1273 quemdam

379 1303 611 1364 vocabulorum
643 1301 782 1362 indicem
811 1303 962 1380 excipias,
993 1320 1100 1380 quem,
1131 1303 1190 1364 sub
1210 1304 1325 1364 titulo:
1361 1302 1412 1364 Ad
1440 1301 1582 1365 Glossarii

381 1407 527 1471 Cbocctci
543 1406 704 1490 Spectmen
723 1407 824 1470 Notae
839 1409 895 1488 (1),
919 1410 1010 1487 quasi
1027 1409 1107 1471 torte
1121 1412 1154 1470 in
1175 1429 1232 1472 sua
1249 1409 1444 1473 Collectouec
1458 1411 1584 1493 Erymo·

378 1514 479 1596 topica
498 1516 637 1594 conjecit
659 1516 706 1590 (in
729 1533 794 1594 quo
815 1533 881 1576 non
905 1519 953 1576 est
970 1516 1152 1596 negandum
1180 1535 1253 1578 eum
1278 1536 1345 1578 sese
1373 1519 1582 1581 dialectorum

378 1624 636 1702 germanicarum
659 1623 847 1684 interiorum
870 1623 1113 1700 peritissimum,
1134 1626 1335 1703 superiorum
1351 1628 1428 1688 satis
1449 1645 1582 1706 gnarum

376 1732 587 1810 praebuisse),
613 1747 722 1809 sparsa
747 1733 874 1792 tantum
903 1731 941 1790 ab
970 1748 1019 1803 eo,
1048 1749 1109 1792 nec
1132 1732 1200 1792 ullo
1231 1737 1325 1810 pacto
1352 1734 1505 1796 continua
1531 1738 1583 1794 aut

376 1839 580 1900 cohaerentia
595 1837 753 1916 quaedam
771 1837 809 1898 de
823 1837 1078 1914 germanicarum
1098 1855 1213 1899 vocum
1237 1839 1441 1919 etymologiis
1465 1843 1583 1901 tentata

376 1949 595 2008 esseconstat.

415 2055 458 2114 De
473 2054 646 2113 multarum
663 2055 747 2112 certe
768 2051 1025 2130 germanicarum
1040 2067 1158 2112 vocum
1181 2052 1303 2130 origine
1326 2053 1380 2114 bic
1398 2054 1466 2115 illic
1481 2055 1530 2114 vel
1550 2053 1581 2113 in

376 2161 442 2221 suis
457 2159 601 2238 epistolis
616 2159 667 2218 vel
691 2158 725 2217 in
749 2158 845 2218 variis
858 2158 1009 2235 operibus
1025 2175 1063 2218 ex
1080 2157 1252 2234 improviso
1266 2159 1350 2237 agit:
1375 2160 1430 2220 sed
1444 2161 1582 2238 plerum-

375 2286 437 2347 que
457 2269 598 2328 vetustas
620 2265 844 2342 obsoletasque
866 2268 923 2325 aut
942 2263 1055 2324 dubias
1081 2268 1112 2323 et
1131 2265 1282 2325 obscuras
1300 2265 1467 2343 quasdam,
1493 2265 1580 2345 quasi

374 2375 420 2436 rei
439 2374 568 2435 raritate
592 2372 761 2444 notabiles,
783 2371 884 2444 allert,
906 2389 943 2432 ae
967 2371 1005 2432 de
1029 2371 1076 2431 eis
1091 2372 1223 2449 insuper
1238 2390 1367 2433 summa
1388 2374 1519 2452 quidem
1536 2375 1581 2434 in-

374 2481 459 2560 genii
473 2480 660 2552 subtilitate,
685 2477 740 2538 sed
756 2477 852 2537 simul
867 2481 994 2537 assueta
1009 2476 1143 2537 libidine
1160 2477 1296 2539 disserit.

414 2591 560 2665 Namque
579 2585 737 2664 imprimis
752 2587 948 2661 assumptam
972 2587 1003 2643 et
1021 2582 1232 2645 adventiciam
1248 2587 1482 2648 vocabulorum
1497 2588 1581 2648 simi-

375 2694 557 2766 litudinem,
583 2691 670 2752 baud
689 2692 782 2751 aliter
805 2707 842 2751 ac
864 2690 1011 2767 plerique
1035 2688 1123 2750 illius
1147 2691 1260 2750 aetatis
1287 2692 1403 2753 eruditi
1425 2693 1497 2767 viri,
1520 2694 1580 2753 lere

374 2802 503 2863 unicam
534 2798 738 2861 affirmandae
765 2798 923 2875 cujusque
954 2797 1167 2875 etymologiae
1195 2799 1353 2860 rationem
1382 2804 1413 2860 et
1439 2815 1581 2861 normam

374 2908 435 2968 sibi
463 2906 585 2978 statuit,
616 2922 677 2965 nee
704 2903 880 2982 quidquam
904 2907 1087 2964 constantes
1115 2905 1404 2980 permutandorum
1433 2921 1581 2968 sonorum

368 3007 459 3092 'leges
484 3016 586 3084 curat,
604 3028 683 3089 quas
707 3028 747 3070 ne
767 3011 923 3087 suspicari
947 3009 1076 3087 quidem
1098 3009 1236 3071 videtur.
1261 3012 1312 3072 Sic
1334 3012 1403 3090 pari
1421 3013 1493 3090 Jure
1509 3010 1587 3092 lops

374 3124 405 3180 et
422 3119 522 3198 bcupt
536 3134 609 3178 cum
630 3113 734 3196 Caput
757 3119 789 3176 et
810 3118 913 3199 κεφαλή
928 3122 963 3196 (a)
985 3115 1130 3175 conterre
1153 3133 1220 3176 non
1242 3116 1377 3190 dubitat,
1402 3119 1581 3197 pariterque

373 3225 442 3287 buis
462 3223 630 3286 cumbere
650 3221 704 3302 (3),
726 3221 847 3302 apraffe
870 3238 943 3282 eum
962 3220 1044 3302 prtff
1056 3223 1112 3297 (1),
1135 3227 1286 3302 ottoquer¹
1303 3241 1377 3284 cum
1398 3229 1427 3284 to
1444 3224 1514 3285 take
1527 3226 1579 3302 (5),

375 3340 518 3413 attroper
543 3347 619 3391 eum
644 3335 751 3410 trappe
781 3329 834 3404 (6),
861 3327 958 3388 talete
986 3345 1059 3389 eum
1087 3326 1172 3388 desen
1202 3347 1330 3390 necnon
1352 3348 1427 3392 cum
1450 3331 1580 3412 fascicu-

378 3439 424 3500 los
447 3439 501 3516 (7),
525 3434 685 3516 tortosque
708 3438 739 3496 et
759 3433 867 3494 berner
882 3452 955 3495 cum
972 3432 1086 3494 brellerr
1102 3438 1132 3496 et
1151 3433 1272 3515 pretterr
1288 3437 1342 3516 (8),
1360 3444 1495 3500 eatamer
1511 3455 1580 3502 eum

377 3552 501 3626 ἑνταμεῑν
516 3550 561 3624 (t),
584 3543 711 3620 aliaque
726 3542 905 3602 innumera.

404 3863 438 3927 (1)
458 3863 529 3920 Dat,
545 3864 586 3923 Vl,
601 3875 663 3927 pars
676 3865 700 3922 2,
716 3875 742 3927 p.
756 3865 843 3914 61-18.

406 3958 440 4019 (21
460 3957 570 4022 Altaque
583 3956 667 4008 multa
678 3959 703 4008 ln
716 3971 729 4006 c
743 3956 810 4008 velt
826 3958 945 4007 ineuntia
953 3971 962 4020 ;
977 3956 1011 4008 cl.
1028 3957 1099 4018 Dat,
1113 3956 1153 4010 vl.
1169 3971 1231 4022 pars
1241 3959 1266 4018 2,
1280 3971 1306 4022 p.
1325 3961 1382 4008 131.

406 4049 441 4118 (3)
461 4052 534 4114 Dat,
550 4053 591 4113 Vl,
606 4065 668 4118 pars
684 4055 708 4114 2,
723 4066 750 4118 p.
770 4056 798 4104 61
815 4055 841 4104 et
852 4054 899 4103 189

405 4145 441 4212 (1)
480 4173 510 4183 -
581 4172 611 4183 -
701 4172 731 4183 -
770 4149 811 4197 12.

313 4307 318 4319 Ι
404 4238 441 4306 (5)
478 4267 509 4277 -
579 4267 609 4279 -
698 4267 728 4279 -
768 4243 809 4292 52.

405 4335 441 4396 (a)
477 4361 506 4372 -
579 4361 609 4373 -
699 4361 729 4374 -
767 4340 808 4388 53.

404 4428 439 4497 (1)
476 4457 506 4468 -
577 4456 607 4468 -
696 4456 726 4470 -
764 4435 805 4483 53.

403 4525 440 4588 (8)
476 4552 505 4563 -
577 4552 606 4564 -
695 4552 726 4564 -
764 4529 794 4578 53
810 4530 836 4579 at
851 4530 892 4579 55.

404 4620 440 4692 (9)
477 4648 507 4662 -
579 4648 609 4662 ·-
698 4649 726 4661 -
766 4625 808 4676 57.
