3462 5452
661 610 849 691 ..93-

636 949 786 1022 CAPUT
825 948 871 1019 ll.

219 1219 300 1277 QUID
327 1218 583 1266 ETYMOLOGICAE
609 1219 796 1267 DOCTRINAE
822 1217 855 1263 m
886 1213 1010 1264 MELIUS
1039 1213 1303 1262 CONVERTENDAE

529 1369 735 1416 CONTULERIT
761 1365 969 1416 MORHOFIUS.

192 1905 263 1963 Non
280 1903 395 1963 minori
409 1904 564 1982 prolecto,
582 1922 677 1982 quam
692 1905 879 1977 leibnitius,
899 1905 1012 1965 ardore
1029 1905 1190 1976 incensus,
1208 1901 1263 1963 sed
1278 1901 1370 1963 seda-

155 2011 226 2070 tiori
251 2011 359 2070 animo
381 2029 471 2082 usus,
492 2028 557 2071 rem
582 2012 826 2090 etymologicam
852 2012 946 2090 longe
971 2012 1035 2072 alia
1059 2011 1182 2070 ratione
1206 2027 1243 2070 ac
1268 2009 1368 2068 multo

157 2117 256 2195 magis
270 2117 424 2177 continuo
440 2122 471 2177 et
485 2118 645 2178 constanti
666 2117 773 2178 labore
789 2117 986 2179 tractandam
1003 2117 1177 2177 Morhofius
1198 2133 1366 2194 aggressus

158 2226 213 2283 est.

194 2331 287 2390 Hunc
311 2329 397 2389 enim
419 2329 549 2390 minime
569 2329 666 2408 fugax
692 2329 835 2407 quidam,
852 2330 943 2407 quasi
967 2348 1006 2390 ex
1028 2331 1196 2390 occasione
1218 2332 1314 2389 natus
1336 2333 1367 2389 et

159 2436 285 2513 saepius
308 2436 559 2514 interquiescens
585 2437 724 2513 impetus
749 2435 788 2496 ad
811 2437 1058 2514 etymologicam
1084 2435 1223 2508 induxit;
1255 2434 1310 2495 sed
1337 2436 1370 2494 in

159 2559 353 2620 earn,1quam
371 2560 498 2620 gravem
520 2543 602 2602 inter
617 2560 727 2602 omnes
749 2542 945 2620 philologiae
970 2547 1075 2619 partes
1095 2541 1289 2620 jampridem
1312 2542 1369 2601 ha-

159 2648 280 2720 buerat,
307 2648 425 2707 multos
447 2665 504 2725 per
523 2666 623 2708 annos
648 2649 807 2709 indefesso
824 2654 854 2708 et
876 2649 1054 2725 composito
1079 2648 1185 2709 studio
1210 2649 1367 2721 incubuit,

160 2773 221 2834 quo
242 2753 394 2833 quodque
415 2754 655 2832 disciplinarum
684 2773 796 2834 genus,
826 2754 865 2814 ad
891 2754 1100 2833 philologiam
1123 2772 1254 2832 quoquo
1276 2754 1371 2814 modo

162 2860 402 2939 pertinentium,
417 2861 557 2938 oprimis
574 2861 673 2920 initiis
688 2861 837 2938 amplecti
852 2861 983 2920 solebat.

199 2968 286 3039 Quae
316 2967 413 3044 igitur
435 2967 473 3026 de
502 2967 715 3044 etymologica
746 2967 780 3026 in
799 2965 998 3026 Institutione
1018 2967 1139 3043 profert
1165 2985 1372 3046 nequaquam

163 3075 250 3134 velut
271 3073 377 3133 subito
397 3091 434 3133 ac
457 3073 610 3133 divinitus
634 3074 751 3134 dictata
776 3073 943 3134 disserenti
964 3078 1166 3150 succurrunt,
1187 3076 1374 3137 affirmanda

164 3183 289 3260 raptim,
302 3199 363 3241 nec
381 3182 486 3240 minus
503 3181 655 3241 velociter
668 3180 886 3241 obliviscenda
907 3185 938 3241 et
958 3181 1161 3259 negligenda.
1183 3181 1243 3242 Sed
1261 3183 1374 3260 viginti

164 3308 259 3369 super
273 3307 374 3349 annos
394 3288 565 3366 diligenter
586 3293 617 3348 et
640 3287 767 3347 assidue
783 3305 821 3346 ea
837 3287 987 3347 meditata
1002 3288 1086 3348 lente
1103 3289 1192 3366 prius
1212 3293 1253 3360 ct',
1270 3294 1306 3349 ut
1331 3289 1375 3348 ita

164 3397 278 3468 dicam,
294 3395 489 3473 pedetentim
506 3396 539 3454 in
553 3394 696 3455 ordinem
709 3395 868 3472 congessit
883 3399 914 3454 et
928 3395 1059 3472 pluries,
1077 3393 1152 3454 dum
1170 3396 1203 3454 in
1216 3396 1376 3456 Universi-

164 3509 226 3565 tate
242 3503 386 3576 docebat,
403 3501 656 3562 academicarum
668 3502 919 3579 praelectionum
937 3502 1026 3578 quasi
1049 3502 1170 3561 trutina
1184 3503 1330 3579 pensavit
1344 3509 1375 3564 et

165 3611 322 3690 probavit.

200 3719 309 3795 Neque
325 3718 442 3775 temere
459 3719 515 3775 aut
530 3715 673 3787 fortuito,
691 3732 772 3792 quae
786 3711 843 3774 diu
857 3732 894 3774 ac
912 3715 1040 3792 penitus
1056 3714 1325 3790 consideraverat,
1343 3717 1376 3776 in

163 3824 232 3904 ipso
254 3824 359 3901 operis
379 3823 546 3900 prooemio,
563 3820 650 3899 quod
665 3820 857 3881 extollendis
880 3822 1008 3900 linguae
1032 3824 1233 3901 german‘cae
1254 3824 1375 3906 meritis

164 3932 356 4005 continetur,
372 3933 449 3991 tunc
461 3930 599 4008 primum
615 3945 680 3989 uno
695 3933 804 3989 tenore
816 3929 974 4006 exposuit.

202 4042 281 4104 Cum
305 4038 403 4112 enim,
423 4037 510 4098 haud
530 4053 621 4097 secus
637 4053 674 4096 ac
693 4035 869 4096 leibnitius
882 4039 1004 4113 postea,
1018 4035 1144 4113 jamdiu
1165 4037 1261 4114 plane
1280 4055 1374 4099 oons-

166 4149 232 4214 cius
261 4151 354 4221 esset,
375 4150 530 4226 quantum
556 4143 769 4225 etymologica
790 4143 829 4204 ad
857 4143 1018 4221 quaslibet
1045 4143 1258 4223 philologicos
1281 4144 1377 4208 disci·

165 4257 278 4339 plinas,
295 4253 465 4336 praecipue
494 4256 600 4314 autem
633 4249 674 4312 ad
702 4250 889 4312 historicam
909 4250 1068 4329 pertineat
1083 4249 1138 4330 (l),
1157 4269 1229 4313 eum
1247 4255 1378 4318 minime

167 4430 1367 4457 Qun—Q

199 4553 235 4618 ll)
253 4551 335 4610 Multo
351 4556 421 4607 enlm
436 4555 497 4610 ante
512 4551 669 4608 leibnitium
683 4551 823 4608 Morboflus
841 4553 920 4606 etiam
936 4556 1016 4621 atque
1032 4555 1114 4605 etiam
1129 4557 1279 4618 monuerat,
1295 4564 1379 4622 quan·

167 4647 222 4714 lum
237 4649 326 4707 auxilii
340 4649 443 4726 priscae
462 4649 582 4726 gentium
602 4646 725 4706 historiae
739 4655 764 4703 et
779 4655 895 4703 veterum
912 4652 1069 4720 populorum
1082 4651 1265 4720 descriptioni,
1282 4652 1302 4702 si
1316 4654 1379 4724 quis
