<?xml version="1.0" encoding="UTF-8"?>
<!DOCTYPE html PUBLIC "-//W3C//DTD XHTML 1.0 Transitional//EN"
    "http://www.w3.org/TR/xhtml1/DTD/xhtml1-transitional.dtd">
<html xmlns="http://www.w3.org/1999/xhtml" xml:lang="en" lang="en">
 <head>
  <title>
</title>
<meta http-equiv="Content-Type" content="text/html;charset=utf-8" />
  <meta name='ocr-system' content='tesseract 3.04.00' />
  <meta name='ocr-capabilities' content='ocr_page ocr_carea ocr_par ocr_line ocrx_word'/>
</head>
<body>
  <div class='ocr_page' id='page_1' title='image "./dedgmorhofiolei00fcgoog_0046.png"; bbox 0 0 3462 5452; ppageno 0'>
   <div class='ocr_carea' id='block_1_1' title="bbox 181 763 1400 3733">
    <p class='ocr_par' dir='ltr' id='par_1_1' title="bbox 181 763 1400 3733">
     <span class='ocr_line' id='line_1_1' title="bbox 185 763 1396 847; baseline 0.002 -21"><span class='ocrx_word' id='word_1_1' title='bbox 185 765 215 826; x_wconf 87' lang='lat' dir='ltr'>et</span> <span class='ocrx_word' id='word_1_2' title='bbox 230 764 450 843; x_wconf 85' lang='lat' dir='ltr'>promovenda</span> <span class='ocrx_word' id='word_1_3' title='bbox 463 764 688 846; x_wconf 89' lang='lat' dir='ltr'>antiquissima</span> <span class='ocrx_word' id='word_1_4' title='bbox 702 765 813 846; x_wconf 83' lang='lat' dir='ltr'>lingua</span> <span class='ocrx_word' id='word_1_5' title='bbox 823 783 936 847; x_wconf 84' lang='lat' dir='ltr'>graeca</span> <span class='ocrx_word' id='word_1_6' title='bbox 949 763 1128 846; x_wconf 87' lang='lat' dir='ltr'>Phrygibus</span> <span class='ocrx_word' id='word_1_7' title='bbox 1136 763 1291 828; x_wconf 88' lang='lat' dir='ltr'>tribuerat</span> <span class='ocrx_word' id='word_1_8' title='bbox 1301 764 1396 844; x_wconf 90' lang='lat' dir='ltr'>(quos</span> 
     </span>
     <span class='ocr_line' id='line_1_2' title="bbox 184 874 1398 954; baseline 0.002 -21"><span class='ocrx_word' id='word_1_9' title='bbox 184 889 282 934; x_wconf 91' lang='lat' dir='ltr'>nemo</span> <span class='ocrx_word' id='word_1_10' title='bbox 299 874 413 935; x_wconf 89' lang='lat' dir='ltr'>saltem</span> <span class='ocrx_word' id='word_1_11' title='bbox 434 875 598 954; x_wconf 79' lang='lat' dir='ltr'>negaverit</span> <span class='ocrx_word' id='word_1_12' title='bbox 619 893 637 936; x_wconf 90' lang='lat' dir='ltr'>a</span> <span class='ocrx_word' id='word_1_13' title='bbox 658 875 771 954; x_wconf 90' lang='lat' dir='ltr'>primis</span> <span class='ocrx_word' id='word_1_14' title='bbox 796 875 1006 953; x_wconf 86' lang='lat' dir='ltr'>temporibus,</span> <span class='ocrx_word' id='word_1_15' title='bbox 1024 875 1192 935; x_wconf 74' lang='lat' dir='ltr'>etiamtum</span> <span class='ocrx_word' id='word_1_16' title='bbox 1212 875 1245 933; x_wconf 95' lang='lat' dir='ltr'>in</span> <span class='ocrx_word' id='word_1_17' title='bbox 1272 875 1398 952; x_wconf 82' lang='lat' dir='ltr'>Europa</span> 
     </span>
     <span class='ocr_line' id='line_1_3' title="bbox 184 977 1400 1061; baseline 0.001 -21"><span class='ocrx_word' id='word_1_18' title='bbox 184 977 378 1054; x_wconf 66' lang='lat' dir='ltr'>habitantes</span> <span class='ocrx_word' id='word_1_19' title='bbox 409 999 465 1042; x_wconf 90' lang='lat' dir='ltr'>seu</span> <span class='ocrx_word' id='word_1_20' title='bbox 486 982 555 1061; x_wconf 85' lang='lat' dir='ltr'>jam</span> <span class='ocrx_word' id='word_1_21' title='bbox 587 983 621 1042; x_wconf 90' lang='lat' dir='ltr'>in</span> <span class='ocrx_word' id='word_1_22' title='bbox 641 982 747 1042; x_wconf 82' lang='lat' dir='ltr'>Asiam</span> <span class='ocrx_word' id='word_1_23' title='bbox 782 986 1007 1060; x_wconf 65' lang='lat' dir='ltr'>transgressos</span> <span class='ocrx_word' id='word_1_24' title='bbox 1035 981 1182 1060; x_wconf 85' lang='lat' dir='ltr'>proximo</span> <span class='ocrx_word' id='word_1_25' title='bbox 1206 981 1338 1060; x_wconf 88' lang='lat' dir='ltr'>originis</span> <span class='ocrx_word' id='word_1_26' title='bbox 1369 986 1400 1041; x_wconf 86' lang='lat' dir='ltr'>et</span> 
     </span>
     <span class='ocr_line' id='line_1_4' title="bbox 184 1085 1398 1168; baseline 0.002 -22"><span class='ocrx_word' id='word_1_27' title='bbox 184 1085 315 1166; x_wconf 82' lang='lat' dir='ltr'>linguae</span> <span class='ocrx_word' id='word_1_28' title='bbox 340 1088 470 1149; x_wconf 82' lang='lat' dir='ltr'>vinculo</span> <span class='ocrx_word' id='word_1_29' title='bbox 495 1089 689 1166; x_wconf 88' lang='lat' dir='ltr'>assiduoque</span> <span class='ocrx_word' id='word_1_30' title='bbox 713 1089 878 1168; x_wconf 82' lang='lat' dir='ltr'>religionis</span> <span class='ocrx_word' id='word_1_31' title='bbox 901 1094 932 1149; x_wconf 91' lang='lat' dir='ltr'>et</span> <span class='ocrx_word' id='word_1_32' title='bbox 957 1090 1074 1150; x_wconf 90' lang='lat' dir='ltr'>artium</span> <span class='ocrx_word' id='word_1_33' title='bbox 1100 1089 1294 1151; x_wconf 84' lang='lat' dir='ltr'>commercio</span> <span class='ocrx_word' id='word_1_34' title='bbox 1323 1105 1398 1148; x_wconf 88' lang='lat' dir='ltr'>oum</span> 
     </span>
     <span class='ocr_line' id='line_1_5' title="bbox 184 1193 1399 1275; baseline 0 -21"><span class='ocrx_word' id='word_1_35' title='bbox 184 1193 313 1254; x_wconf 82' lang='lat' dir='ltr'>Graecis</span> <span class='ocrx_word' id='word_1_36' title='bbox 326 1195 422 1254; x_wconf 85' lang='lat' dir='ltr'>luisse</span> <span class='ocrx_word' id='word_1_37' title='bbox 435 1196 636 1273; x_wconf 80' lang='lat' dir='ltr'>conjunctos)</span> <span class='ocrx_word' id='word_1_38' title='bbox 649 1194 702 1275; x_wconf 78' lang='grc'>(1),</span> <span class='ocrx_word' id='word_1_39' title='bbox 718 1213 790 1256; x_wconf 88' lang='lat' dir='ltr'>eam</span> <span class='ocrx_word' id='word_1_40' title='bbox 804 1195 980 1256; x_wconf 88' lang='lat' dir='ltr'>Leibnitius</span> <span class='ocrx_word' id='word_1_41' title='bbox 997 1197 1072 1256; x_wconf 76' lang='lat' dir='ltr'>satis</span> <span class='ocrx_word' id='word_1_42' title='bbox 1088 1195 1256 1256; x_wconf 81' lang='lat' dir='ltr'>temerarie</span> <span class='ocrx_word' id='word_1_43' title='bbox 1273 1195 1399 1255; x_wconf 87' lang='lat' dir='ltr'>Phoeni-</span> 
     </span>
     <span class='ocr_line' id='line_1_6' title="bbox 187 1302 1400 1381; baseline 0 -19"><span class='ocrx_word' id='word_1_44' title='bbox 187 1302 279 1362; x_wconf 90' lang='lat' dir='ltr'>cibus</span> <span class='ocrx_word' id='word_1_45' title='bbox 295 1303 522 1381; x_wconf 78' lang='lat' dir='ltr'>Aegyptiisque</span> <span class='ocrx_word' id='word_1_46' title='bbox 537 1304 650 1363; x_wconf 93' lang='lat' dir='ltr'>tribuit</span> <span class='ocrx_word' id='word_1_47' title='bbox 670 1309 700 1364; x_wconf 90' lang='lat' dir='ltr'>et</span> <span class='ocrx_word' id='word_1_48' title='bbox 722 1304 842 1363; x_wconf 91' lang='lat' dir='ltr'>mirum</span> <span class='ocrx_word' id='word_1_49' title='bbox 863 1304 995 1363; x_wconf 90' lang='lat' dir='ltr'>omnino</span> <span class='ocrx_word' id='word_1_50' title='bbox 1021 1303 1055 1362; x_wconf 91' lang='lat' dir='ltr'>in</span> <span class='ocrx_word' id='word_1_51' title='bbox 1073 1302 1209 1363; x_wconf 91' lang='lat' dir='ltr'>modum</span> <span class='ocrx_word' id='word_1_52' title='bbox 1229 1303 1316 1362; x_wconf 88' lang='lat' dir='ltr'>varia</span> <span class='ocrx_word' id='word_1_53' title='bbox 1338 1303 1400 1362; x_wconf 89' lang='lat' dir='ltr'>ele-</span> 
     </span>
     <span class='ocr_line' id='line_1_7' title="bbox 187 1410 1399 1490; baseline -0.001 -21"><span class='ocrx_word' id='word_1_54' title='bbox 187 1415 297 1469; x_wconf 88' lang='lat' dir='ltr'>menta</span> <span class='ocrx_word' id='word_1_55' title='bbox 312 1429 352 1470; x_wconf 84' lang='lat' dir='ltr'>ex</span> <span class='ocrx_word' id='word_1_56' title='bbox 365 1411 482 1488; x_wconf 92' lang='lat' dir='ltr'>quibus</span> <span class='ocrx_word' id='word_1_57' title='bbox 496 1411 607 1489; x_wconf 86' lang='lat' dir='ltr'>lingua</span> <span class='ocrx_word' id='word_1_58' title='bbox 617 1429 730 1490; x_wconf 86' lang='lat' dir='ltr'>graeca</span> <span class='ocrx_word' id='word_1_59' title='bbox 745 1410 1073 1483; x_wconf 88' lang='lat' dir='ltr'>tandemconstiterit,</span> <span class='ocrx_word' id='word_1_60' title='bbox 1083 1411 1130 1470; x_wconf 88' lang='lat' dir='ltr'>sio</span> <span class='ocrx_word' id='word_1_61' title='bbox 1141 1411 1296 1489; x_wconf 89' lang='lat' dir='ltr'>partitur:</span> <span class='ocrx_word' id='word_1_62' title='bbox 1311 1414 1399 1486; x_wconf 90' lang='lat' dir='ltr'>post-</span> 
     </span>
     <span class='ocr_line' id='line_1_8' title="bbox 186 1517 1396 1595; baseline 0 -20"><span class='ocrx_word' id='word_1_63' title='bbox 186 1532 286 1592; x_wconf 88' lang='lat' dir='ltr'>quam</span> <span class='ocrx_word' id='word_1_64' title='bbox 302 1540 317 1571; x_wconf 90' lang='lat'>«</span> <span class='ocrx_word' id='word_1_65' title='bbox 333 1518 473 1594; x_wconf 88' lang='lat' dir='ltr'>plurima</span> <span class='ocrx_word' id='word_1_66' title='bbox 488 1519 607 1578; x_wconf 88' lang='lat' dir='ltr'>Graeca</span> <span class='ocrx_word' id='word_1_67' title='bbox 619 1517 794 1594; x_wconf 80' lang='lat' dir='ltr'>Latineque</span> <span class='ocrx_word' id='word_1_68' title='bbox 808 1517 933 1595; x_wconf 79' lang='lat' dir='ltr'>Scythis</span> <span class='ocrx_word' id='word_1_69' title='bbox 949 1523 979 1577; x_wconf 88' lang='lat' dir='ltr'>et</span> <span class='ocrx_word' id='word_1_70' title='bbox 993 1518 1111 1577; x_wconf 90' lang='lat' dir='ltr'>nostris</span> <span class='ocrx_word' id='word_1_71' title='bbox 1122 1517 1205 1591; x_wconf 88' lang='lat' dir='ltr'>(soil.</span> <span class='ocrx_word' id='word_1_72' title='bbox 1219 1517 1396 1589; x_wconf 78' lang='lat' dir='ltr'>Germania,</span> 
     </span>
     <span class='ocr_line' id='line_1_9' title="bbox 185 1623 1397 1703; baseline 0.001 -22"><span class='ocrx_word' id='word_1_73' title='bbox 185 1624 250 1694; x_wconf 89' lang='lat' dir='ltr'>vel,</span> <span class='ocrx_word' id='word_1_74' title='bbox 266 1623 350 1684; x_wconf 90' lang='lat' dir='ltr'>utin</span> <span class='ocrx_word' id='word_1_75' title='bbox 372 1624 482 1685; x_wconf 89' lang='lat' dir='ltr'>libello</span> <span class='ocrx_word' id='word_1_76' title='bbox 500 1623 577 1686; x_wconf 80' lang='lat' dir='ltr'>Uno.</span> <span class='ocrx_word' id='word_1_77' title='bbox 597 1623 684 1699; x_wconf 75' lang='lat' dir='ltr'>eea,</span> <span class='ocrx_word' id='word_1_78' title='bbox 701 1643 726 1685; x_wconf 92' lang='lat' dir='ltr'>s.</span> <span class='ocrx_word' id='word_1_79' title='bbox 744 1628 792 1696; x_wconf 79' lang='lat' dir='ltr'>ll,</span> <span class='ocrx_word' id='word_1_80' title='bbox 808 1629 915 1702; x_wconf 89' lang='lat' dir='ltr'>aperte</span> <span class='ocrx_word' id='word_1_81' title='bbox 931 1624 1019 1698; x_wconf 80' lang='lat' dir='ltr'>dicit,</span> <span class='ocrx_word' id='word_1_82' title='bbox 1036 1625 1138 1702; x_wconf 85' lang='lat' dir='ltr'>Getis)</span> <span class='ocrx_word' id='word_1_83' title='bbox 1154 1623 1300 1685; x_wconf 87' lang='lat' dir='ltr'>ducenda</span> <span class='ocrx_word' id='word_1_84' title='bbox 1317 1645 1331 1678; x_wconf 75' lang='lat' dir='ltr'>a</span> <span class='ocrx_word' id='word_1_85' title='bbox 1355 1623 1397 1703; x_wconf 59' lang='grc' dir='ltr'>(ἓ)</span> 
     </span>
     <span class='ocr_line' id='line_1_10' title="bbox 183 1731 1400 1809; baseline 0 -18"><span class='ocrx_word' id='word_1_86' title='bbox 183 1734 216 1791; x_wconf 91' lang='lat' dir='ltr'>et</span> <span class='ocrx_word' id='word_1_87' title='bbox 260 1753 274 1784; x_wconf 77' lang='grc' dir='ltr'>κ</span> <span class='ocrx_word' id='word_1_88' title='bbox 313 1732 501 1809; x_wconf 85' lang='lat' dir='ltr'>Scythicum</span> <span class='ocrx_word' id='word_1_89' title='bbox 540 1732 659 1809; x_wconf 86' lang='lat' dir='ltr'>potius,</span> <span class='ocrx_word' id='word_1_90' title='bbox 697 1731 782 1809; x_wconf 91' lang='lat' dir='ltr'>quod</span> <span class='ocrx_word' id='word_1_91' title='bbox 824 1732 920 1791; x_wconf 90' lang='lat' dir='ltr'>simul</span> <span class='ocrx_word' id='word_1_92' title='bbox 957 1733 990 1790; x_wconf 88' lang='lat' dir='ltr'>in</span> <span class='ocrx_word' id='word_1_93' title='bbox 1030 1731 1333 1809; x_wconf 85' lang='lat' dir='ltr'>septentrionalibus</span> <span class='ocrx_word' id='word_1_94' title='bbox 1369 1734 1400 1791; x_wconf 91' lang='lat' dir='ltr'>et</span> 
     </span>
     <span class='ocr_line' id='line_1_11' title="bbox 184 1839 1399 1917; baseline 0 -20"><span class='ocrx_word' id='word_1_95' title='bbox 184 1856 300 1916; x_wconf 80' lang='lat' dir='ltr'>graeca</span> <span class='ocrx_word' id='word_1_96' title='bbox 313 1862 327 1892; x_wconf 76' lang='lat' dir='ltr'>o</span> <span class='ocrx_word' id='word_1_97' title='bbox 342 1840 384 1916; x_wconf 89' lang='grc'>(3)</span> <span class='ocrx_word' id='word_1_98' title='bbox 398 1839 584 1912; x_wconf 82' lang='lat' dir='ltr'>habendum</span> <span class='ocrx_word' id='word_1_99' title='bbox 593 1840 825 1917; x_wconf 91' lang='lat' dir='ltr'>pronuntiavit,</span> <span class='ocrx_word' id='word_1_100' title='bbox 843 1839 966 1916; x_wconf 88' lang='lat' dir='ltr'>reliqua</span> <span class='ocrx_word' id='word_1_101' title='bbox 978 1857 995 1898; x_wconf 90' lang='lat' dir='ltr'>a</span> <span class='ocrx_word' id='word_1_102' title='bbox 1009 1839 1162 1898; x_wconf 90' lang='lat' dir='ltr'>semitiois</span> <span class='ocrx_word' id='word_1_103' title='bbox 1172 1839 1290 1916; x_wconf 90' lang='lat' dir='ltr'>linguis</span> <span class='ocrx_word' id='word_1_104' title='bbox 1302 1839 1399 1897; x_wconf 91' lang='lat' dir='ltr'>allata</span> 
     </span>
     <span class='ocr_line' id='line_1_12' title="bbox 183 1944 1399 2024; baseline -0.002 -19"><span class='ocrx_word' id='word_1_105' title='bbox 183 1961 253 2006; x_wconf 88' lang='lat' dir='ltr'>esse</span> <span class='ocrx_word' id='word_1_106' title='bbox 267 1947 425 2006; x_wconf 83' lang='lat' dir='ltr'>affirmare</span> <span class='ocrx_word' id='word_1_107' title='bbox 443 1965 510 2007; x_wconf 90' lang='lat' dir='ltr'>non</span> <span class='ocrx_word' id='word_1_108' title='bbox 524 1945 650 2006; x_wconf 90' lang='lat' dir='ltr'>dubitat</span> <span class='ocrx_word' id='word_1_109' title='bbox 664 1950 695 2006; x_wconf 89' lang='lat' dir='ltr'>et</span> <span class='ocrx_word' id='word_1_110' title='bbox 711 1946 856 2024; x_wconf 86' lang='lat' dir='ltr'>linguam</span> <span class='ocrx_word' id='word_1_111' title='bbox 870 1962 1018 2024; x_wconf 79' lang='lat' dir='ltr'>graecam</span> <span class='ocrx_word' id='word_1_112' title='bbox 1039 1944 1206 2004; x_wconf 89' lang='lat' dir='ltr'>dimidiam</span> <span class='ocrx_word' id='word_1_113' title='bbox 1221 1944 1399 2004; x_wconf 88' lang='lat' dir='ltr'>semiticam</span> 
     </span>
     <span class='ocr_line' id='line_1_13' title="bbox 183 2051 1397 2130; baseline -0.001 -17"><span class='ocrx_word' id='word_1_114' title='bbox 183 2054 302 2126; x_wconf 83' lang='lat' dir='ltr'>facere,</span> <span class='ocrx_word' id='word_1_115' title='bbox 319 2071 394 2114; x_wconf 84' lang='lat' dir='ltr'>oum</span> <span class='ocrx_word' id='word_1_116' title='bbox 418 2071 490 2114; x_wconf 90' lang='lat' dir='ltr'>eam</span> <span class='ocrx_word' id='word_1_117' title='bbox 506 2054 565 2112; x_wconf 93' lang='lat' dir='ltr'>sibi</span> <span class='ocrx_word' id='word_1_118' title='bbox 580 2057 735 2130; x_wconf 87' lang='lat' dir='ltr'>tanquam</span> <span class='ocrx_word' id='word_1_119' title='bbox 750 2077 764 2107; x_wconf 80' lang='lat' dir='ltr'>u</span> <span class='ocrx_word' id='word_1_120' title='bbox 781 2053 950 2112; x_wconf 88' lang='lat' dir='ltr'>misturam</span> <span class='ocrx_word' id='word_1_121' title='bbox 967 2075 981 2106; x_wconf 73' lang='grc' dir='ltr'><strong>υ</strong></span> <span class='ocrx_word' id='word_1_122' title='bbox 997 2051 1172 2129; x_wconf 89' lang='lat' dir='ltr'>quamdam</span> <span class='ocrx_word' id='word_1_123' title='bbox 1188 2053 1299 2130; x_wconf 84' lang='lat' dir='ltr'>lingat,</span> <span class='ocrx_word' id='word_1_124' title='bbox 1312 2076 1326 2108; x_wconf 73' lang='grc' dir='ltr'>α</span> <span class='ocrx_word' id='word_1_125' title='bbox 1343 2053 1397 2112; x_wconf 91' lang='lat' dir='ltr'>ubi</span> 
     </span>
     <span class='ocr_line' id='line_1_14' title="bbox 183 2156 1196 2237; baseline -0.003 -17"><span class='ocrx_word' id='word_1_126' title='bbox 183 2176 250 2220; x_wconf 92' lang='lat' dir='ltr'>non</span> <span class='ocrx_word' id='word_1_127' title='bbox 265 2160 373 2219; x_wconf 92' lang='lat' dir='ltr'>minus</span> <span class='ocrx_word' id='word_1_128' title='bbox 398 2159 600 2237; x_wconf 84' lang='lat' dir='ltr'>Soythismus</span> <span class='ocrx_word' id='word_1_129' title='bbox 616 2176 714 2236; x_wconf 92' lang='lat' dir='ltr'>quam</span> <span class='ocrx_word' id='word_1_130' title='bbox 728 2158 940 2217; x_wconf 84' lang='lat' dir='ltr'>Phoenissatio</span> <span class='ocrx_word' id='word_1_131' title='bbox 957 2163 1088 2235; x_wconf 91' lang='lat' dir='ltr'>apparet</span> <span class='ocrx_word' id='word_1_132' title='bbox 1110 2180 1124 2212; x_wconf 87' lang='lat'>»</span> <span class='ocrx_word' id='word_1_133' title='bbox 1143 2156 1152 2236; x_wconf 93' lang='grc'>(</span> <span class='ocrx_word' id='word_1_134' title='bbox 1176 2157 1196 2237; x_wconf 87' lang='grc'>),</span> 
     </span>
     <span class='ocr_line' id='line_1_15' title="bbox 224 2264 1399 2345; baseline -0.003 -18"><span class='ocrx_word' id='word_1_135' title='bbox 224 2265 467 2345; x_wconf 88' lang='lat' dir='ltr'>Ejusdemmodi</span> <span class='ocrx_word' id='word_1_136' title='bbox 490 2266 659 2326; x_wconf 90' lang='lat' dir='ltr'>«mistura</span> <span class='ocrx_word' id='word_1_137' title='bbox 683 2288 697 2319; x_wconf 73' lang='lat' dir='ltr'>a</span> <span class='ocrx_word' id='word_1_138' title='bbox 723 2264 864 2342; x_wconf 90' lang='lat' dir='ltr'>quadam</span> <span class='ocrx_word' id='word_1_139' title='bbox 889 2265 1035 2342; x_wconf 86' lang='lat' dir='ltr'>linguam</span> <span class='ocrx_word' id='word_1_140' title='bbox 1060 2264 1195 2323; x_wconf 90' lang='lat' dir='ltr'>latinam</span> <span class='ocrx_word' id='word_1_141' title='bbox 1220 2265 1399 2325; x_wconf 87' lang='lat' dir='ltr'>Leibnitius</span> 
     </span>
     <span class='ocr_line' id='line_1_16' title="bbox 184 2371 1399 2451; baseline -0.001 -18"><span class='ocrx_word' id='word_1_142' title='bbox 184 2378 325 2434; x_wconf 89' lang='lat' dir='ltr'>oreatam</span> <span class='ocrx_word' id='word_1_143' title='bbox 338 2374 499 2451; x_wconf 77' lang='lat' dir='ltr'>opinatur,</span> <span class='ocrx_word' id='word_1_144' title='bbox 514 2377 545 2432; x_wconf 83' lang='lat' dir='ltr'>et</span> <span class='ocrx_word' id='word_1_145' title='bbox 560 2390 596 2432; x_wconf 86' lang='lat' dir='ltr'>eo</span> <span class='ocrx_word' id='word_1_146' title='bbox 612 2372 819 2449; x_wconf 89' lang='lat' dir='ltr'>potissimum</span> <span class='ocrx_word' id='word_1_147' title='bbox 833 2371 946 2444; x_wconf 83' lang='lat' dir='ltr'>tendit,</span> <span class='ocrx_word' id='word_1_148' title='bbox 969 2376 1006 2431; x_wconf 90' lang='lat' dir='ltr'>ut</span> <span class='ocrx_word' id='word_1_149' title='bbox 1021 2389 1119 2449; x_wconf 90' lang='lat' dir='ltr'>quarn</span> <span class='ocrx_word' id='word_1_150' title='bbox 1135 2373 1311 2432; x_wconf 83' lang='lat' dir='ltr'>maximam</span> <span class='ocrx_word' id='word_1_151' title='bbox 1327 2373 1399 2451; x_wconf 91' lang='lat' dir='ltr'>ejus</span> 
     </span>
     <span class='ocr_line' id='line_1_17' title="bbox 183 2477 1396 2558; baseline 0 -18"><span class='ocrx_word' id='word_1_152' title='bbox 183 2484 338 2558; x_wconf 88' lang='lat' dir='ltr'>parteme</span> <span class='ocrx_word' id='word_1_153' title='bbox 354 2480 467 2540; x_wconf 85' lang='lat' dir='ltr'>oeltioo</span> <span class='ocrx_word' id='word_1_154' title='bbox 483 2479 637 2557; x_wconf 85' lang='lat' dir='ltr'>(scilieet:</span> <span class='ocrx_word' id='word_1_155' title='bbox 654 2477 849 2556; x_wconf 83' lang='lat' dir='ltr'>germanico)</span> <span class='ocrx_word' id='word_1_156' title='bbox 868 2478 955 2539; x_wconf 84' lang='lat' dir='ltr'>fonte</span> <span class='ocrx_word' id='word_1_157' title='bbox 971 2479 1147 2539; x_wconf 88' lang='lat' dir='ltr'>derivatam</span> <span class='ocrx_word' id='word_1_158' title='bbox 1163 2498 1231 2540; x_wconf 88' lang='lat' dir='ltr'>esse</span> <span class='ocrx_word' id='word_1_159' title='bbox 1246 2479 1396 2540; x_wconf 89' lang='lat' dir='ltr'>demons-</span> 
     </span>
     <span class='ocr_line' id='line_1_18' title="bbox 183 2586 1399 2666; baseline 0 -17"><span class='ocrx_word' id='word_1_160' title='bbox 183 2593 255 2650; x_wconf 85' lang='lat' dir='ltr'>tret.</span> <span class='ocrx_word' id='word_1_161' title='bbox 279 2589 366 2661; x_wconf 87' lang='lat' dir='ltr'>Quae</span> <span class='ocrx_word' id='word_1_162' title='bbox 382 2588 504 2666; x_wconf 91' lang='lat' dir='ltr'>opinio,</span> <span class='ocrx_word' id='word_1_163' title='bbox 523 2604 598 2647; x_wconf 86' lang='lat' dir='ltr'>oum</span> <span class='ocrx_word' id='word_1_164' title='bbox 614 2604 686 2646; x_wconf 89' lang='lat' dir='ltr'>eam</span> <span class='ocrx_word' id='word_1_165' title='bbox 705 2587 774 2664; x_wconf 88' lang='lat' dir='ltr'>jam</span> <span class='ocrx_word' id='word_1_166' title='bbox 790 2603 829 2644; x_wconf 87' lang='lat' dir='ltr'>ex</span> <span class='ocrx_word' id='word_1_167' title='bbox 847 2587 1002 2645; x_wconf 91' lang='lat' dir='ltr'>nonnulis</span> <span class='ocrx_word' id='word_1_168' title='bbox 1018 2604 1113 2666; x_wconf 89' lang='lat' dir='ltr'>supra</span> <span class='ocrx_word' id='word_1_169' title='bbox 1129 2586 1233 2646; x_wconf 86' lang='lat' dir='ltr'>citatis</span> <span class='ocrx_word' id='word_1_170' title='bbox 1251 2587 1331 2647; x_wconf 88' lang='lat' dir='ltr'>loeis</span> <span class='ocrx_word' id='word_1_171' title='bbox 1348 2587 1399 2649; x_wconf 84' lang='lat' dir='ltr'>da-</span> 
     </span>
     <span class='ocr_line' id='line_1_19' title="bbox 181 2691 1398 2774; baseline -0.002 -19"><span class='ocrx_word' id='word_1_172' title='bbox 181 2693 381 2774; x_wconf 89' lang='lat' dir='ltr'>prebendere</span> <span class='ocrx_word' id='word_1_173' title='bbox 397 2695 501 2765; x_wconf 79' lang='lat' dir='ltr'>liceat,</span> <span class='ocrx_word' id='word_1_174' title='bbox 518 2711 679 2770; x_wconf 88' lang='lat' dir='ltr'>nusquam</span> <span class='ocrx_word' id='word_1_175' title='bbox 695 2691 898 2751; x_wconf 85' lang='lat' dir='ltr'>manifestius</span> <span class='ocrx_word' id='word_1_176' title='bbox 913 2696 1053 2770; x_wconf 89' lang='lat' dir='ltr'>apparet,</span> <span class='ocrx_word' id='word_1_177' title='bbox 1071 2710 1169 2770; x_wconf 92' lang='lat' dir='ltr'>quam</span> <span class='ocrx_word' id='word_1_178' title='bbox 1184 2693 1217 2751; x_wconf 91' lang='lat' dir='ltr'>in</span> <span class='ocrx_word' id='word_1_179' title='bbox 1232 2693 1282 2752; x_wconf 91' lang='lat' dir='ltr'>bis</span> <span class='ocrx_word' id='word_1_180' title='bbox 1296 2693 1398 2752; x_wconf 91' lang='lat' dir='ltr'>libelli</span> 
     </span>
     <span class='ocr_line' id='line_1_20' title="bbox 187 2797 1399 2881; baseline -0.002 -20"><span class='ocrx_word' id='word_1_181' title='bbox 187 2799 447 2881; x_wconf 75' lang='lat' dir='ltr'>Unvorqreillicbe</span> <span class='ocrx_word' id='word_1_182' title='bbox 465 2798 628 2860; x_wconf 82' lang='lat' dir='ltr'>Gedaolrea</span> <span class='ocrx_word' id='word_1_183' title='bbox 643 2800 747 2860; x_wconf 88' lang='lat' dir='ltr'>verbis</span> <span class='ocrx_word' id='word_1_184' title='bbox 763 2797 826 2878; x_wconf 80' lang='lat'>(5):</span> <span class='ocrx_word' id='word_1_185' title='bbox 852 2822 866 2853; x_wconf 89' lang='lat'>«</span> <span class='ocrx_word' id='word_1_186' title='bbox 882 2801 920 2860; x_wconf 86' lang='lat' dir='ltr'>la</span> <span class='ocrx_word' id='word_1_187' title='bbox 934 2817 1001 2858; x_wconf 88' lang='lat' dir='ltr'>was</span> <span class='ocrx_word' id='word_1_188' title='bbox 1015 2800 1100 2860; x_wconf 85' lang='lat' dir='ltr'>noch</span> <span class='ocrx_word' id='word_1_189' title='bbox 1116 2799 1219 2871; x_wconf 89' lang='lat' dir='ltr'>mehr,</span> <span class='ocrx_word' id='word_1_190' title='bbox 1245 2817 1279 2859; x_wconf 90' lang='lat' dir='ltr'>so</span> <span class='ocrx_word' id='word_1_191' title='bbox 1300 2799 1399 2860; x_wconf 86' lang='lat' dir='ltr'>findet</span> 
     </span>
     <span class='ocr_line' id='line_1_21' title="bbox 183 2905 1399 2984; baseline -0.001 -17"><span class='ocrx_word' id='word_1_192' title='bbox 183 2927 217 2968; x_wconf 91' lang='lat' dir='ltr'>es</span> <span class='ocrx_word' id='word_1_193' title='bbox 232 2908 311 2979; x_wconf 84' lang='lat' dir='ltr'>sich,</span> <span class='ocrx_word' id='word_1_194' title='bbox 329 2907 401 2967; x_wconf 90' lang='lat' dir='ltr'>dass</span> <span class='ocrx_word' id='word_1_195' title='bbox 417 2906 468 2966; x_wconf 90' lang='lat' dir='ltr'>die</span> <span class='ocrx_word' id='word_1_196' title='bbox 486 2908 571 2966; x_wconf 87' lang='lat' dir='ltr'>alten</span> <span class='ocrx_word' id='word_1_197' title='bbox 586 2906 715 2978; x_wconf 89' lang='lat' dir='ltr'>Gallier,</span> <span class='ocrx_word' id='word_1_198' title='bbox 731 2906 851 2977; x_wconf 86' lang='lat' dir='ltr'>Zelten,</span> <span class='ocrx_word' id='word_1_199' title='bbox 879 2905 946 2965; x_wconf 90' lang='lat' dir='ltr'>und</span> <span class='ocrx_word' id='word_1_200' title='bbox 966 2906 1049 2966; x_wconf 88' lang='lat' dir='ltr'>auch</span> <span class='ocrx_word' id='word_1_201' title='bbox 1077 2907 1228 2984; x_wconf 86' lang='lat' dir='ltr'>Scythen,</span> <span class='ocrx_word' id='word_1_202' title='bbox 1253 2908 1313 2966; x_wconf 94' lang='lat' dir='ltr'>mit</span> <span class='ocrx_word' id='word_1_203' title='bbox 1337 2907 1399 2968; x_wconf 91' lang='lat' dir='ltr'>den</span> 
     </span>
     <span class='ocr_line' id='line_1_22' title="bbox 183 3011 1398 3091; baseline -0.002 -16"><span class='ocrx_word' id='word_1_204' title='bbox 183 3014 363 3075; x_wconf 84' lang='lat' dir='ltr'>Teutsohen</span> <span class='ocrx_word' id='word_1_205' title='bbox 378 3014 449 3074; x_wconf 88' lang='lat' dir='ltr'>eine</span> <span class='ocrx_word' id='word_1_206' title='bbox 464 3031 572 3091; x_wconf 86' lang='lat' dir='ltr'>grosse</span> <span class='ocrx_word' id='word_1_207' title='bbox 590 3012 829 3073; x_wconf 85' lang='lat' dir='ltr'>Gemeinsohast</span> <span class='ocrx_word' id='word_1_208' title='bbox 846 3012 975 3091; x_wconf 80' lang='lat' dir='ltr'>gehabt,</span> <span class='ocrx_word' id='word_1_209' title='bbox 992 3011 1059 3072; x_wconf 93' lang='lat' dir='ltr'>und</span> <span class='ocrx_word' id='word_1_210' title='bbox 1078 3013 1175 3072; x_wconf 88' lang='lat' dir='ltr'>weiln</span> <span class='ocrx_word' id='word_1_211' title='bbox 1189 3012 1398 3074; x_wconf 87' lang='lat' dir='ltr'>Welsohland</span> 
     </span>
     <span class='ocr_line' id='line_1_23' title="bbox 181 3118 1397 3192; baseline -0.002 -11"><span class='ocrx_word' id='word_1_212' title='bbox 181 3123 268 3182; x_wconf 83' lang='lat' dir='ltr'>seina</span> <span class='ocrx_word' id='word_1_213' title='bbox 283 3122 426 3180; x_wconf 83' lang='lat' dir='ltr'>aeltesten</span> <span class='ocrx_word' id='word_1_214' title='bbox 440 3119 634 3180; x_wconf 90' lang='lat' dir='ltr'>Einwohner</span> <span class='ocrx_word' id='word_1_215' title='bbox 646 3119 737 3179; x_wconf 90' lang='lat' dir='ltr'>nicht</span> <span class='ocrx_word' id='word_1_216' title='bbox 751 3137 808 3178; x_wconf 89' lang='lat' dir='ltr'>zur</span> <span class='ocrx_word' id='word_1_217' title='bbox 823 3120 892 3192; x_wconf 86' lang='lat' dir='ltr'>See,</span> <span class='ocrx_word' id='word_1_218' title='bbox 908 3118 1047 3178; x_wconf 90' lang='lat' dir='ltr'>sondern</span> <span class='ocrx_word' id='word_1_219' title='bbox 1062 3138 1101 3179; x_wconf 91' lang='lat' dir='ltr'>zu</span> <span class='ocrx_word' id='word_1_220' title='bbox 1112 3119 1229 3192; x_wconf 92' lang='lat' dir='ltr'>Lande,</span> <span class='ocrx_word' id='word_1_221' title='bbox 1245 3120 1397 3180; x_wconf 83' lang='lat' dir='ltr'>naemliob</span> 
     </span>
     <span class='ocr_line' id='line_1_24' title="bbox 181 3223 1398 3302; baseline -0.001 -15"><span class='ocrx_word' id='word_1_222' title='bbox 181 3245 244 3287; x_wconf 88' lang='lat' dir='ltr'>von</span> <span class='ocrx_word' id='word_1_223' title='bbox 262 3227 324 3286; x_wconf 91' lang='lat' dir='ltr'>den</span> <span class='ocrx_word' id='word_1_224' title='bbox 339 3225 517 3286; x_wconf 86' lang='lat' dir='ltr'>Teutsoben</span> <span class='ocrx_word' id='word_1_225' title='bbox 531 3225 598 3292; x_wconf 89' lang='lat' dir='ltr'>und</span> <span class='ocrx_word' id='word_1_226' title='bbox 613 3224 792 3285; x_wconf 87' lang='lat' dir='ltr'>Zeltisohen</span> <span class='ocrx_word' id='word_1_227' title='bbox 808 3224 977 3284; x_wconf 85' lang='lat' dir='ltr'>Voelolrern</span> <span class='ocrx_word' id='word_1_228' title='bbox 1001 3225 1081 3284; x_wconf 83' lang='lat' dir='ltr'>tiber</span> <span class='ocrx_word' id='word_1_229' title='bbox 1098 3223 1148 3284; x_wconf 88' lang='lat' dir='ltr'>die</span> <span class='ocrx_word' id='word_1_230' title='bbox 1169 3225 1270 3302; x_wconf 78' lang='lat' dir='ltr'>Alpen</span> <span class='ocrx_word' id='word_1_231' title='bbox 1285 3226 1398 3286; x_wconf 90' lang='lat' dir='ltr'>berbe-</span> 
     </span>
     <span class='ocr_line' id='line_1_25' title="bbox 183 3331 1398 3411; baseline 0.001 -18"><span class='ocrx_word' id='word_1_232' title='bbox 183 3335 348 3402; x_wconf 84' lang='lat' dir='ltr'>lrommen,</span> <span class='ocrx_word' id='word_1_233' title='bbox 366 3351 401 3392; x_wconf 92' lang='lat' dir='ltr'>so</span> <span class='ocrx_word' id='word_1_234' title='bbox 426 3332 524 3411; x_wconf 84' lang='lat' dir='ltr'>folget</span> <span class='ocrx_word' id='word_1_235' title='bbox 552 3332 624 3392; x_wconf 90' lang='lat' dir='ltr'>dass</span> <span class='ocrx_word' id='word_1_236' title='bbox 648 3331 697 3392; x_wconf 89' lang='lat' dir='ltr'>die</span> <span class='ocrx_word' id='word_1_237' title='bbox 723 3331 921 3391; x_wconf 86' lang='lat' dir='ltr'>Lateinisohe</span> <span class='ocrx_word' id='word_1_238' title='bbox 949 3332 1088 3409; x_wconf 86' lang='lat' dir='ltr'>Spracbe</span> <span class='ocrx_word' id='word_1_239' title='bbox 1119 3332 1222 3392; x_wconf 90' lang='lat' dir='ltr'>denen</span> <span class='ocrx_word' id='word_1_240' title='bbox 1248 3334 1398 3394; x_wconf 90' lang='lat' dir='ltr'>uhralten</span> 
     </span>
     <span class='ocr_line' id='line_1_26' title="bbox 185 3436 1394 3522; baseline 0.002 -22"><span class='ocrx_word' id='word_1_241' title='bbox 185 3438 361 3500; x_wconf 84' lang='lat' dir='ltr'>leutsohen</span> <span class='ocrx_word' id='word_1_242' title='bbox 372 3439 425 3522; x_wconf 91' lang='lat' dir='ltr'>ein</span> <span class='ocrx_word' id='word_1_243' title='bbox 435 3439 564 3499; x_wconf 91' lang='lat' dir='ltr'>Grosses</span> <span class='ocrx_word' id='word_1_244' title='bbox 574 3436 733 3516; x_wconf 86' lang='lat' dir='ltr'>schuldig,</span> <span class='ocrx_word' id='word_1_245' title='bbox 747 3438 807 3498; x_wconf 89' lang='lat' dir='ltr'>wie</span> <span class='ocrx_word' id='word_1_246' title='bbox 818 3438 903 3498; x_wconf 88' lang='lat' dir='ltr'>sichs</span> <span class='ocrx_word' id='word_1_247' title='bbox 914 3437 998 3497; x_wconf 85' lang='lat' dir='ltr'>auch</span> <span class='ocrx_word' id='word_1_248' title='bbox 1012 3439 1045 3496; x_wconf 95' lang='lat' dir='ltr'>in</span> <span class='ocrx_word' id='word_1_249' title='bbox 1057 3438 1113 3498; x_wconf 91' lang='lat' dir='ltr'>der</span> <span class='ocrx_word' id='word_1_250' title='bbox 1124 3439 1352 3500; x_wconf 89' lang='lat' dir='ltr'>Thatbefindet</span> <span class='ocrx_word' id='word_1_251' title='bbox 1367 3464 1394 3502; x_wconf 71' lang='lat' dir='ltr'>a.</span> 
     </span>
     <span class='ocr_line' id='line_1_27' title="bbox 185 3545 1396 3623; baseline 0.001 -16"><span class='ocrx_word' id='word_1_252' title='bbox 185 3548 264 3607; x_wconf 84' lang='lat' dir='ltr'>Istos</span> <span class='ocrx_word' id='word_1_253' title='bbox 290 3550 399 3606; x_wconf 87' lang='lat' dir='ltr'>autem</span> <span class='ocrx_word' id='word_1_254' title='bbox 420 3545 535 3618; x_wconf 77' lang='lat' dir='ltr'>CeltaS,</span> <span class='ocrx_word' id='word_1_255' title='bbox 568 3550 624 3605; x_wconf 85' lang='lat' dir='ltr'>aut</span> <span class='ocrx_word' id='word_1_256' title='bbox 646 3546 821 3605; x_wconf 90' lang='lat' dir='ltr'>Germanos</span> <span class='ocrx_word' id='word_1_257' title='bbox 847 3545 1032 3622; x_wconf 76' lang='lat' dir='ltr'>Gallosque,</span> <span class='ocrx_word' id='word_1_258' title='bbox 1063 3545 1127 3605; x_wconf 89' lang='lat' dir='ltr'>alio</span> <span class='ocrx_word' id='word_1_259' title='bbox 1155 3545 1297 3623; x_wconf 90' lang='lat' dir='ltr'>quodam</span> <span class='ocrx_word' id='word_1_260' title='bbox 1325 3548 1396 3608; x_wconf 87' lang='lat' dir='ltr'>loeo</span> 
     </span>
     <span class='ocr_line' id='line_1_28' title="bbox 185 3650 1396 3733; baseline 0 -19"><span class='ocrx_word' id='word_1_261' title='bbox 185 3670 332 3733; x_wconf 86' lang='lat' dir='ltr'>expresse</span> <span class='ocrx_word' id='word_1_262' title='bbox 349 3677 363 3707; x_wconf 91' lang='lat'>«</span> <span class='ocrx_word' id='word_1_263' title='bbox 379 3651 501 3730; x_wconf 90' lang='lat' dir='ltr'>primos</span> <span class='ocrx_word' id='word_1_264' title='bbox 514 3652 662 3712; x_wconf 83' lang='lat' dir='ltr'>Graeciae</span> <span class='ocrx_word' id='word_1_265' title='bbox 677 3654 708 3712; x_wconf 87' lang='lat' dir='ltr'>et</span> <span class='ocrx_word' id='word_1_266' title='bbox 717 3651 825 3713; x_wconf 85' lang='lat' dir='ltr'>ltaliae</span> <span class='ocrx_word' id='word_1_267' title='bbox 841 3650 1036 3713; x_wconf 89' lang='lat' dir='ltr'>habitatores</span> <span class='ocrx_word' id='word_1_268' title='bbox 1056 3653 1129 3728; x_wconf 87' lang='grc'>»(6)</span> <span class='ocrx_word' id='word_1_269' title='bbox 1145 3654 1286 3730; x_wconf 89' lang='lat' dir='ltr'>appellat</span> <span class='ocrx_word' id='word_1_270' title='bbox 1296 3659 1327 3714; x_wconf 89' lang='lat' dir='ltr'>et</span> <span class='ocrx_word' id='word_1_271' title='bbox 1343 3672 1396 3715; x_wconf 89' lang='lat' dir='ltr'>eos</span> 
     </span>
    </p>
   </div>
   <div class='ocr_carea' id='block_1_2' title="bbox 191 4046 1394 4686">
    <p class='ocr_par' dir='ltr' id='par_1_2' title="bbox 191 4046 1394 4213">
     <span class='ocr_line' id='line_1_29' title="bbox 215 4046 1394 4118; baseline 0.007 -23"><span class='ocrx_word' id='word_1_272' title='bbox 215 4047 247 4109; x_wconf 86' lang='lat' dir='ltr'>(t)</span> <span class='ocrx_word' id='word_1_273' title='bbox 266 4046 304 4098; x_wconf 85' lang='lat' dir='ltr'>cf.</span> <span class='ocrx_word' id='word_1_274' title='bbox 317 4049 419 4114; x_wconf 86' lang='lat' dir='ltr'>Duruy,</span> <span class='ocrx_word' id='word_1_275' title='bbox 434 4049 586 4099; x_wconf 79' lang='lat' dir='ltr'>Histoa&#39;rede</span> <span class='ocrx_word' id='word_1_276' title='bbox 603 4051 630 4102; x_wconf 87' lang='lat' dir='ltr'>la</span> <span class='ocrx_word' id='word_1_277' title='bbox 649 4050 728 4100; x_wconf 69' lang='lat' dir='ltr'>Grece</span> <span class='ocrx_word' id='word_1_278' title='bbox 741 4052 846 4116; x_wconf 66' lang='lat' dir='ltr'>avitique</span> <span class='ocrx_word' id='word_1_279' title='bbox 865 4053 964 4118; x_wconf 78' lang='lat'>(1867),</span> <span class='ocrx_word' id='word_1_280' title='bbox 980 4053 1001 4114; x_wconf 89' lang='lat' dir='ltr'>l,</span> <span class='ocrx_word' id='word_1_281' title='bbox 1024 4054 1119 4114; x_wconf 76' lang='lat' dir='ltr'>att-803</span> <span class='ocrx_word' id='word_1_282' title='bbox 1137 4053 1227 4104; x_wconf 83' lang='lat' dir='ltr'>Perrot</span> <span class='ocrx_word' id='word_1_283' title='bbox 1241 4055 1267 4103; x_wconf 83' lang='lat' dir='ltr'>et</span> <span class='ocrx_word' id='word_1_284' title='bbox 1279 4050 1394 4118; x_wconf 83' lang='lat' dir='ltr'>Chipiez,</span> 
     </span>
     <span class='ocr_line' id='line_1_30' title="bbox 191 4140 851 4213; baseline 0.009 -23"><span class='ocrx_word' id='word_1_285' title='bbox 191 4140 302 4193; x_wconf 70' lang='lat' dir='ltr'>Histoire</span> <span class='ocrx_word' id='word_1_286' title='bbox 312 4143 344 4193; x_wconf 84' lang='lat' dir='ltr'>de</span> <span class='ocrx_word' id='word_1_287' title='bbox 356 4145 419 4194; x_wconf 84' lang='lat' dir='ltr'>l&#39;ort</span> <span class='ocrx_word' id='word_1_288' title='bbox 429 4144 494 4195; x_wconf 80' lang='lat' dir='ltr'>dans</span> <span class='ocrx_word' id='word_1_289' title='bbox 506 4143 663 4212; x_wconf 74' lang='lat' dir='ltr'>l&#39;ontiqm&#39;te,</span> <span class='ocrx_word' id='word_1_290' title='bbox 674 4147 705 4208; x_wconf 92' lang='lat' dir='ltr'>V,</span> <span class='ocrx_word' id='word_1_291' title='bbox 719 4160 746 4213; x_wconf 92' lang='lat' dir='ltr'>p.</span> <span class='ocrx_word' id='word_1_292' title='bbox 763 4149 773 4196; x_wconf 93' lang='lat' dir='ltr'>l</span> <span class='ocrx_word' id='word_1_293' title='bbox 791 4159 851 4212; x_wconf 92' lang='lat' dir='ltr'>sqq.</span> 
     </span>
    </p>

    <p class='ocr_par' dir='ltr' id='par_1_3' title="bbox 214 4233 604 4306">
     <span class='ocr_line' id='line_1_31' title="bbox 214 4233 604 4306; baseline 0.01 -19"><span class='ocrx_word' id='word_1_294' title='bbox 214 4233 250 4306; x_wconf 81' lang='lat'>(2)</span> <span class='ocrx_word' id='word_1_295' title='bbox 268 4239 340 4301; x_wconf 76' lang='lat' dir='ltr'>Dut,</span> <span class='ocrx_word' id='word_1_296' title='bbox 353 4238 394 4293; x_wconf 85' lang='lat' dir='ltr'>vl.</span> <span class='ocrx_word' id='word_1_297' title='bbox 410 4251 472 4305; x_wconf 90' lang='lat' dir='ltr'>pars</span> <span class='ocrx_word' id='word_1_298' title='bbox 483 4241 544 4305; x_wconf 82' lang='lat' dir='ltr'>2,p.</span> <span class='ocrx_word' id='word_1_299' title='bbox 562 4241 604 4291; x_wconf 77' lang='lat'>87.</span> 
     </span>
    </p>

    <p class='ocr_par' dir='ltr' id='par_1_4' title="bbox 214 4331 619 4399">
     <span class='ocr_line' id='line_1_32' title="bbox 214 4331 619 4399; baseline 0.005 -16"><span class='ocrx_word' id='word_1_300' title='bbox 214 4331 251 4399; x_wconf 82' lang='grc'>(3)</span> <span class='ocrx_word' id='word_1_301' title='bbox 269 4331 335 4383; x_wconf 79' lang='lat' dir='ltr'>Ibid.</span> <span class='ocrx_word' id='word_1_302' title='bbox 351 4334 395 4393; x_wconf 90' lang='lat' dir='ltr'>Vl,</span> <span class='ocrx_word' id='word_1_303' title='bbox 409 4346 472 4398; x_wconf 89' lang='lat' dir='ltr'>pars</span> <span class='ocrx_word' id='word_1_304' title='bbox 484 4336 545 4399; x_wconf 76' lang='lat' dir='ltr'>2,p.</span> <span class='ocrx_word' id='word_1_305' title='bbox 560 4337 619 4385; x_wconf 79' lang='lat'><strong>154.</strong></span> 
     </span>
    </p>

    <p class='ocr_par' dir='ltr' id='par_1_5' title="bbox 213 4425 613 4494">
     <span class='ocr_line' id='line_1_33' title="bbox 213 4425 613 4494; baseline 0.008 -18"><span class='ocrx_word' id='word_1_306' title='bbox 213 4425 247 4494; x_wconf 80' lang='lat' dir='ltr'>(t)</span> <span class='ocrx_word' id='word_1_307' title='bbox 265 4426 342 4488; x_wconf 69' lang='lat' dir='ltr'>bid„</span> <span class='ocrx_word' id='word_1_308' title='bbox 358 4428 401 4488; x_wconf 93' lang='lat' dir='ltr'>Vl,</span> <span class='ocrx_word' id='word_1_309' title='bbox 416 4440 478 4493; x_wconf 86' lang='lat' dir='ltr'>pars</span> <span class='ocrx_word' id='word_1_310' title='bbox 491 4430 516 4490; x_wconf 80' lang='lat'>2,</span> <span class='ocrx_word' id='word_1_311' title='bbox 531 4442 558 4493; x_wconf 84' lang='lat' dir='ltr'>p.</span> <span class='ocrx_word' id='word_1_312' title='bbox 572 4431 613 4479; x_wconf 85' lang='lat'>86.</span> 
     </span>
    </p>

    <p class='ocr_par' dir='ltr' id='par_1_6' title="bbox 211 4521 510 4587">
     <span class='ocr_line' id='line_1_34' title="bbox 211 4521 510 4587; baseline 0 -15"><span class='ocrx_word' id='word_1_313' title='bbox 211 4524 251 4587; x_wconf 81' lang='lat'>(5)</span> <span class='ocrx_word' id='word_1_314' title='bbox 271 4522 334 4572; x_wconf 81' lang='lat' dir='ltr'>Uno.</span> <span class='ocrx_word' id='word_1_315' title='bbox 350 4521 424 4582; x_wconf 74' lang='lat' dir='ltr'>Gert,</span> <span class='ocrx_word' id='word_1_316' title='bbox 440 4523 510 4585; x_wconf 62' lang='lat' dir='ltr'>§lb</span> 
     </span>
    </p>

    <p class='ocr_par' dir='ltr' id='par_1_7' title="bbox 216 4618 610 4686">
     <span class='ocr_line' id='line_1_35' title="bbox 216 4618 610 4686; baseline 0.003 -18"><span class='ocrx_word' id='word_1_317' title='bbox 216 4619 250 4678; x_wconf 88' lang='grc'>(6)</span> <span class='ocrx_word' id='word_1_318' title='bbox 267 4618 339 4679; x_wconf 76' lang='lat' dir='ltr'>Dat,</span> <span class='ocrx_word' id='word_1_319' title='bbox 355 4619 397 4678; x_wconf 80' lang='lat' dir='ltr'>Vl,</span> <span class='ocrx_word' id='word_1_320' title='bbox 413 4631 475 4682; x_wconf 89' lang='lat' dir='ltr'>pars</span> <span class='ocrx_word' id='word_1_321' title='bbox 489 4621 513 4678; x_wconf 79' lang='lat'>2,</span> <span class='ocrx_word' id='word_1_322' title='bbox 526 4632 552 4686; x_wconf 90' lang='lat' dir='ltr'>p.</span> <span class='ocrx_word' id='word_1_323' title='bbox 569 4621 610 4671; x_wconf 76' lang='lat'>87.</span> 
     </span>
    </p>
   </div>
   <div class='ocr_carea' id='block_1_3' title="bbox 0 0 1736 5452">
    <p class='ocr_par' dir='ltr' id='par_1_8' title="bbox 0 0 1736 5452">
     <span class='ocr_line' id='line_1_36' title="bbox 0 0 1736 5452; baseline 0 0"><span class='ocrx_word' id='word_1_324' title='bbox 0 0 1736 5452; x_wconf 95' lang='lat' dir='ltr'> </span> 
     </span>
    </p>
   </div>
  </div>
 </body>
</html>
