3446 5452
647 613 862 684 -177-

139 763 276 834 hortari,
292 765 348 822 aut
362 762 514 838 privatim
538 762 652 822 docere
681 762 720 823 de
736 763 928 841 germanicis
954 764 1090 835 litteris;
1120 763 1174 823 sed
1198 771 1362 842 praeterea

144 888 275 931 omnem
292 887 308 928 e
334 869 426 928 novis
441 869 641 946 temporibus
655 873 687 929 et
700 888 784 929 nova
800 869 945 931 doctrina
961 875 1065 930 ortam
1093 871 1306 949 philologiam
1332 873 1366 932 in

142 978 392 1039 Universitatem
415 975 553 1048 induxit,
571 981 611 1049 et,
630 983 766 1051 servato,
784 980 820 1038 ut
841 977 984 1050 decebat,
1014 979 1222 1055 antiquarum
1248 979 1366 1040 littera·

144 1101 219 1144 rum
232 1085 318 1161 Jure,
333 1083 409 1142 hino
426 1082 556 1160 publice
571 1082 722 1144 disseruit
735 1083 774 1144 de
786 1085 963 1144 recentiore
988 1085 1123 1144 historia
1138 1091 1169 1145 et
1181 1087 1366 1163 peregrina-

145 1216 219 1258 rum
237 1198 417 1257 litterarum
431 1195 588 1268 doctrina,
605 1196 696 1255 illinc
711 1195 855 1274 anglicae
884 1196 1013 1273 linguae
1038 1199 1207 1272 praecepta
1223 1193 1365 1264 tradidit,

146 1303 325 1381 discipulos
342 1301 480 1378 denique
505 1301 550 1360 ita
575 1301 725 1375 instituit,
741 1305 777 1362 ut
788 1303 892 1379 patria
907 1302 1028 1380 lingna,
1045 1302 1095 1362 vel
1118 1302 1299 1375 scribendo,
1316 1303 1366 1362 vel
1391 1296 1393 1304 '

146 1411 232 1470 inter
242 1427 275 1468 se
285 1407 480 1486 disputando
497 1412 732 1469 exercerentur.

188 1516 320 1592 Proprie
335 1515 433 1592 igitur
461 1514 567 1574 studio
592 1519 622 1574 et
648 1515 770 1588 labore,
787 1533 847 1576 nec
874 1533 941 1576 non
957 1535 1068 1602 eorum
1093 1535 1201 1596 opera,
1225 1518 1279 1595 qui
1296 1517 1366 1595 ejus

146 1623 282 1702 vestigia
292 1622 518 1698 sequebantur,
529 1620 640 1694 fretus,
653 1623 768 1682 merito
781 1623 989 1701 praecipuam
1000 1603 1119 1701 ponere
1136 1640 1226 1701 spem
1238 1628 1364 1702 poterat

148 1731 181 1789 in
204 1746 241 1789 ea
256 1726 411 1788 edocendi
424 1727 466 1799 vi,
484 1745 565 1804 quae
582 1728 786 1788 Universitati
801 1729 921 1790 inesset
933 1734 975 1801 et,
993 1733 1064 1789 ante
1081 1730 1201 1801 omnia,
1214 1730 1248 1789 in
1261 1727 1367 1789 erudi-

148 1841 255 1896 torum
274 1835 499 1912 magistrorum
524 1835 725 1908 auctoritate,
749 1852 888 1912 quorum
916 1836 1130 1910 institutione,
1146 1836 1324 1914 praeceptis
1338 1841 1369 1896 et

149 1942 302 2021 operibus
328 1941 506 2018 patriarum
545 1941 724 2001 litterarum
753 1941 1015 2002 emendationem
1052 1948 1083 2002 et
1107 1943 1367 2003 reformationem

151 2050 309 2128 paulatim
336 2054 366 2109 et
391 2052 461 2108 tuto
499 2048 538 2107 ad
573 2053 719 2126 optatum
752 2049 900 2109 effectum
929 2067 1096 2118 evasuram
1138 2066 1207 2109 esse
1234 2049 1368 2109 arbitra-

152 2158 260 2217 batur.

194 2265 258 2322 Nec
273 2261 390 2321 erravit
405 2279 411 2320 :
426 2265 552 2320 constet
566 2261 654 2320 enim
673 2262 713 2321 ab
726 2261 857 2322 ineunte
869 2263 977 2322 XVlll⁰
993 2263 1121 2324 saeculo
1144 2263 1178 2321 in
1205 2262 1367 2323 Universi-

152 2368 286 2438 tatibuS,
302 2371 333 2426 et
359 2367 398 2425 iis
425 2365 554 2443 quidem
577 2366 642 2426 fere
668 2367 757 2440 solis,
774 2373 1004 2446 congregatum
1026 2369 1125 2429 luisse
1154 2366 1312 2446 quidquid
1334 2368 1368 2425 in

155 2475 303 2535 doctrina
321 2472 520 2533 emendanda
534 2477 692 2533 tentatum
708 2479 738 2534 et
760 2474 960 2535 elaboratum
975 2476 1015 2534 sit
1041 2481 1096 2535 aut
1118 2474 1157 2534 ad
1179 2491 1368 2552 promoven-

157 2583 231 2643 dam
249 2580 416 2641 scientiam
430 2580 614 2651 contulerit,

195 2687 373 2747 Leibnitius
400 2690 511 2746 contra
526 2686 564 2746 de
589 2688 779 2764 optimatum
804 2689 1004 2760 auctoritate,
1031 2707 1090 2766 ope
1117 2706 1153 2748 ac
1175 2687 1293 2760 studio,
1309 2705 1368 2747 nec
1451 2682 1455 2700 ¹

154 2814 220 2857 non
236 2796 275 2855 de
289 2794 487 2856 eruditarum
503 2794 700 2854 Societatum
716 2796 879 2855 communi
893 2795 1002 2855 labore
1018 2795 1134 2855 melius
1149 2812 1274 2872 sperare
1285 2793 1371 2853 vide-

157 2905 260 2964 batur.
276 2901 367 2962 Haud
383 2902 427 2960 ita
445 2901 568 2961 fallitur
581 2901 754 2962 Morbosrus
767 2919 827 2962 nec
842 2902 1014 2961 arbitratur
1029 2903 1170 2961 multum
1193 2899 1370 2961 condendis

157 3011 248 3072 novis
276 3008 500 3069 sodalitatibus
519 3025 613 3085 posse
633 3008 754 3086 profici.
775 3009 958 3086 Frugiferae
979 3008 1109 3086 quidem
1132 3008 1282 3068 Societati
1304 3008 1372 3086 jus·

157 3122 223 3177 tam
250 3115 364 3175 tribuit
387 3113 528 3185 laudem,
545 3112 599 3173 sed
624 3113 952 3187 modicam,virorum
983 3113 1149 3174 doctorum
1176 3115 1269 3174 etiam
1295 3119 1371 3172 tunc

159 3223 367 3303 superstitum
387 3221 506 3299 potius,
523 3224 559 3280 ut
581 3225 679 3298 patet,
695 3238 829 3293 memor,
846 3238 944 3297 quam
968 3221 1068 3298 ipsius
1088 3219 1235 3280 Sodalitii
1260 3219 1371 3278 merita

159 3330 251 3392 multi
269 3328 401 3389 faciens.
417 3326 516 3387 Laudi
532 3327 620 3386 enim
643 3327 752 3386 statim
767 3327 926 3403 obrepunt
949 3327 1081 3386 meritae
1101 3327 1314 3386 correctiones
1342 3330 1373 3384 et

160 3433 340 3496 verecundo
357 3433 411 3492 sed
434 3438 543 3510 aperto
562 3431 686 3511 J‘udicio
707 3431 941 3502 animadvertit,
964 3449 1061 3509 qnam
1082 3407 1180 3509 'saepe
1200 3431 1372 3491 vehemen-

160 3547 271 3620 terque
284 3541 460 3600 erraverint
476 3544 506 3599 et
520 3556 655 3599 munere
677 3556 735 3598 suo
758 3539 821 3597 sint
837 3538 966 3609 abusae,
989 3539 1080 3598 nullo
1103 3544 1187 3598 certe
1208 3537 1371 3598 doctrinae

160 3652 329 3727 proventu,
355 3646 460 3706 variae
485 3645 674 3724 hujusmodi
697 3645 882 3716 societates,
905 3644 1049 3722 undique
1076 3663 1113 3705 eo
1136 3645 1271 3705 consilio
1296 3661 1372 3704 con-

162 3754 258 3828 ditae,
277 3759 314 3814 ut
328 3754 457 3830 linguae
472 3751 578 3812 studio
594 3769 725 3830 operam
739 3756 893 3811 navarent
906 3751 959 3830 (1).

202 3865 245 3924 De
260 3863 328 3940 ipsa
352 3864 459 3921 autem
478 3858 642 3937 Frugifera
659 3859 815 3920 Societate
842 3856 919 3934 quid
941 3859 1077 3918 senserit
1094 3858 1271 3918 Leibnitius
1292 3857 1374 3937 diJu-

163 3969 280 4041 dicare,
294 3971 330 4027 ut
344 3966 534 4045 plerumque
549 3966 595 4038 fit,
620 3965 748 4025 difficile
768 3969 835 4038 est;
865 3982 930 4023 non
952 3972 1054 4025 cessat
1078 3966 1175 4037 enim,
1193 3983 1250 4043 per
1272 3971 1373 4027 totam

163 4077 363 4138 diversarum
387 4073 580 4150 opinionum
608 4071 735 4144 seriem,
750 4071 820 4149 ejus
847 4070 884 4129 de
912 4071 968 4130 illa
992 4070 1151 4148 judicium
1181 4073 1311 4152 mutari.
1341 4073 1375 4131 ln

163 4180 320 4261 opusculo
333 4177 540 4258 Ermalmuoq
553 4178 718 4257 inscripto,
733 4179 829 4255 pleno
841 4194 895 4237 ore
910 4178 1071 4255 principes
1087 4176 1238 4238 laudibus
1253 4185 1374 4252 onerat,

163 4289 330 4352 Societatis
357 4285 550 4359 conditores,
578 4286 806 4364 inceptumque
827 4288 857 4344 at
879 4284 1053 4344 eonsilium
1076 4284 1145 4362 ejus
1169 4285 1264 4362 plane
1289 4303 1375 4346 com-

166 4492 498 4506 ——n-——a—
961 4483 1374 4500 σ--ι--α-ι-Δ--α-

198 4641 234 4710 (ι)
255 4641 325 4703 one,
340 4637 465 4694 ιιι-ιιι.
1180 4723 1223 4796 12
