3446 5452
17 4529 20 4600 l

638 683 849 762 »tal-

135 849 228 898 voces
242 833 440 916 aphaeresim
457 835 490 900 in
504 837 604 901 latina
619 842 729 920 lingua
741 861 850 919 passas
866 861 934 904 esse
947 839 1117 916 existimet,
1133 856 1214 921 quae
1226 861 1260 906 rc
1275 857 1349 905 rora

134 946 167 1005 in
181 947 365 1024 germanica
378 947 570 1025 prosthesim
587 954 734 1024 expertae
752 954 826 1009 sunt
842 951 894 1025 (l).

174 1053 242 1112 Hoc
257 1053 343 1112 eninr
359 1054 387 1112 ei
400 1071 505 1130 neque
521 1055 723 1132 suppetiisse,
737 1072 842 1132 neque
856 1073 914 1132 pro
931 1059 1114 1134 temporum
1139 1057 1262 1116 ratione
1278 1074 1351 1135 sup-

134 1164 243 1236 petere
266 1160 409 1237 potuisse
429 1160 598 1220 latendum
620 1166 679 1234 est,
703 1166 739 1222 ut
760 1163 809 1221 vel
837 1164 1022 1242 conjectura
1041 1169 1263 1243 auguraretur,
1287 1183 1351 1243 qua

137 1267 431 1344 vicepcrsingulas
453 1267 579 1345 linguas
603 1267 695 1345 quasi
722 1267 923 1329 decurrentia
945 1270 1102 1329 vocabula
1124 1275 1171 1330 tot
1195 1274 1225 1330 et
1245 1249 1350 1330 tantas

137 1373 333 1433 mutationes
355 1378 463 1433 essent
490 1378 629 1451 experta,
653 1392 717 1453 quo
743 1374 866 1448 ordine,
895 1376 920 1434 si
950 1376 1155 1453 potissimum
1182 1381 1351 1454 utramque

137 1479 405 1544 inflectendorum
432 1481 602 1540 verborum
629 1481 786 1541 rationem
810 1483 998 1558 respexeris,
1020 1499 1101 1558 quae
1122 1480 1352 1542 lactverselrie-

137 1587 219 1668 tany
237 1587 365 1660 dicitur,
384 1605 478 1648 voces
492 1605 639 1666 quaeque
652 1589 717 1648 sive
736 1589 770 1647 in
785 1589 884 1647 latina
900 1592 956 1647 aut
970 1605 1083 1666 graeca
1098 1589 1220 1666 lingua,
1237 1589 1302 1648 sive
1319 1590 1352 1648 in

136 1696 331 1776 germanicis
347 1695 549 1755 sermonibus
565 1696 669 1754 varias
692 1696 810 1755 formas
827 1694 1018 1767 induissent,
1034 1713 1098 1772 qua
1113 1695 1245 1755 demum
1258 1695 1353 1756 vicis-

139 1802 280 1863 situdine
303 1807 359 1862 ant
380 1821 444 1880 quo
460 1803 615 1862 continuo
638 1802 768 1862 vinculo
784 1802 975 1880 conjunctae
999 1800 1141 1862 diversae
1168 1803 1353 1880 linguarum

139 1910 261 1988 species
277 1913 384 1968 essent
398 1907 606 1986 reputandae,
622 1925 702 1985 quas
725 1909 809 1967 inter
822 1925 854 1967 se
870 1923 1066 1986 comparare,
1082 1926 1123 1968 ne
1138 1907 1253 1981 dicam,
1270 1909 1354 1969 inter

140 2033 171 2076 se
188 2033 351 2094 opponere
371 2015 564 2076 decreverat.

178 2125 267 2196 Quae
282 2122 414 2201 quidem
428 2123 516 2195 vitia,
530 2127 567 2182 ut
581 2123 708 2182 silentio
723 2138 927 2200 nequaquam
942 2121 1017 2181 licet
1028 2123 1293 2199 praetermittere,
1310 2123 1354 2183 ita

141 2247 274 2290 mancae
295 2229 401 2290 adbuc
424 2234 456 2289 et
480 2229 648 2289 inchoatae
671 2233 797 2289 tantum
820 2228 908 2287 illius
928 2230 1040 2288 aetatis
1063 2229 1227 2290 doctrinae
1250 2231 1352 2289 multo

142 2338 245 2416 magis
265 2354 360 2414 quam
375 2337 476 2415 ipsius
492 2335 636 2396 llorholii
652 2335 830 2413 imperitiae
849 2335 1007 2412 imputare
1021 2353 1078 2412 par
1096 2339 1154 2395 est.
1167 2338 1230 2395 Has
1245 2340 1354 2396 autem

143 2444 228 2504 leves
242 2441 280 2502 de
294 2443 429 2521 singulis
441 2441 634 2519 quibusdam
645 2442 740 2502 rebus
752 2441 893 2500 maculas
905 2440 1026 2500 leniore
1041 2458 1178 2501 necnon
1191 2441 1354 2519 aequabili

143 2567 218 2610 sane
234 2549 343 2609 animo
357 2549 522 2609 excusanti
544 2553 639 2627 atque
662 2567 727 2608 uno
752 2548 923 2626 complexu
947 2548 1132 2608 universam
1154 2549 1223 2625 ejus
1247 2549 1354 2627 inqui-

146 2657 235 2718 rendi
251 2657 408 2717 rationem
424 2656 560 2716 intuenti
577 2656 670 2716 facile
685 2659 827 2733 apparet,
842 2673 941 2732 quam
955 2672 1039 2715 nova
1052 2658 1083 2715 ct
1099 2655 1138 2716 ad
1154 2655 1354 2718 condendam

146 2765 273 2826 firmius
302 2764 549 2843 etymologicam
580 2763 785 2841 disciplinam
813 2766 887 2840 apta
912 2763 1139 2841 excogitaverit
1164 2780 1201 2824 ac
1235 2765 1355 2824 consti-

142 2873 250 2933 tuerit.

183 2979 311 3040 Primus
326 2978 411 3038 enim
426 2977 482 3038 illa
503 2981 616 3050 aetate,
632 2994 668 3037 ao
684 2977 748 3037 fere
771 2976 859 3036 solus
873 2974 962 3056 (nam
978 2975 1105 3054 singula
1127 2974 1354 3039 tantummodo

145 3085 315 3164 quaedam,
339 3103 420 3163 quae
447 3083 640 3164 jamdudum
673 3084 896 3143 enuntiaverat
930 3083 1114 3158 llorbofius,
1144 3104 1163 3146 a
1196 3087 1354 3151 Leibnitio

145 3195 266 3254 multos
287 3198 360 3271 post
385 3210 486 3253 annos
508 3191 644 3269 carptim
659 3193 772 3252 iterata
788 3207 855 3250 esse
872 3189 1023 3269 vidimus)
1044 3191 1212 3266 intellexit,
1230 3195 1357 3274 lingua·

145 3317 216 3361 rum
228 3299 483 3372 informationes,
496 3303 679 3376 augmenta,
695 3298 888 3358 mutationes
903 3297 990 3357 baud
1003 3299 1096 3358 aliter
1106 3318 1142 3361 ac
1155 3306 1259 3362 cetera
1273 3321 1355 3380 quae

86 3487 88 3491 Ι
146 3424 184 3467 ex
213 3423 320 3466 rerum
343 3409 458 3465 natura
481 3403 642 3483 pendent,
669 3405 763 3464 certis
788 3409 819 3464 et
851 3403 989 3464 definitis
1014 3406 1208 3482 quibusdam
1231 3409 1356 3488 legibus

146 3515 212 3592 regi
227 3531 234 3588 ;
250 3530 345 3592 prave
361 3530 492 3591 prorsus
514 3529 568 3572 eos
589 3511 744 3572 hactenus
760 3511 884 3585 fecisse,
902 3511 957 3588 qui
982 3512 1015 3571 in
1040 3513 1278 3592 investigandos
1291 3535 1357 3578 ser-

146 3638 258 3682 mones
274 3623 305 3680 et
321 3619 526 3697 explicandas
540 3636 657 3679 vocum
673 3618 824 3696 origines,
840 3618 931 3678 nulla
955 3619 1019 3679 alia
1034 3637 1133 3697 quam
1157 3621 1301 3684 libidinis
1327 3627 1359 3684 et

147 3727 268 3788 arbitrii
288 3740 402 3786 norma
416 3726 569 3798 adbibita,
587 3726 828 3798 incumberent3
854 3725 916 3786 boc
937 3732 1047 3786 contra
1068 3729 1271 3805 potissimum
1288 3749 1357 3792 esse

147 3833 282 3896 studiosi
295 3834 453 3912 cujusque
468 3833 622 3906 officium,
639 3837 675 3892 ut
690 3849 742 3893 eas
757 3833 843 3910 leges
865 3833 1008 3911 primurn
1024 3833 1194 3914 detegeret,
1217 3839 1358 3915 praecise

146 3941 349 4014 describeret,
380 3938 491 4000 ordine
518 3937 711 4017 disponeret,
739 3946 901 4020 postremo
926 3941 1114 4002 constitutas
1136 3943 1202 4024 jam
1231 3944 1360 4026 indaga·

146 4047 244 4111 tionis
260 4045 357 4109 duces
371 4051 575 4127 sequeretur3
594 4047 829 4128 etymologicen
842 4047 950 4127 igitur,
965 4053 1001 4109 ut
1014 4051 1214 4130 propositum
1229 4052 1356 4135 assequi

147 4158 267 4237 posset,
289 4158 375 4217 recta
401 4159 432 4216 et
457 4153 603 4216 ordinata
630 4153 813 4235 inquirendi
837 4155 961 4218 ratione
980 4158 1122 4237 primum
1146 4176 1214 4222 esse
1238 4161 1357 4225 instru-

150 4262 275 4326 endam.

189 4371 314 4434 Primus
336 4363 443 4444 etiam,
461 4379 542 4450 quae
565 4362 725 4432 subtiliter
747 4365 853 4432 animo
874 4373 1068 4452 perceperat,
1086 4387 1122 4436 ea
1145 4368 1184 4437 ad
1211 4375 1360 4442 ellectum

153 4480 305 4545 contiuuo
321 4477 478 4541 adducere
493 4483 638 4553 conatus
655 4478 794 4541 ostendit
808 4497 927 4542 novam
947 4482 1129 4562 inquirendi
1145 4486 1300 4547 rationem
1319 4487 1363 4550 ita

186 4733 221 4826 (l)
240 4729 283 4800 Gli
300 4725 376 4810 tint,
392 4739 441 4798 tlt
456 4743 463 4798 t
479 4747 572 4815 germ.
587 4739 662 4808 alter,
677 4735 727 4799 lat.
742 4733 849 4806 laurata
