3462 5452
180 799 338 865 omnium
363 799 427 864 sere
451 798 615 880 opinione,
639 821 657 862 a
677 821 804 863 summo
832 799 1036 882 philosophe,
1065 817 1270 880 quocumque
1301 799 1401 863 animi

180 912 291 971 aciem
307 909 497 970 intendisset
508 914 538 969 et
553 915 736 987 promptam
749 913 902 982 mentem,
920 911 1078 988 cujusque
1092 909 1290 986 quaestionis
1305 911 1404 969 nebu-

181 1017 235 1076 las
260 1016 385 1093 fugatas
409 1033 476 1074 esse
501 1017 648 1075 acumine
673 1016 793 1094 ingenii
813 1019 843 1076 et
865 1034 930 1076 uno
950 1017 1016 1076 ictu
1033 1015 1206 1094 diremptas
1223 1021 1405 1076 controver-

186 1123 265 1182 sias,

226 1230 330 1288 Immo
345 1229 440 1306 plane
455 1229 665 1289 manifestum
687 1229 722 1287 fit
738 1229 833 1288 illum
847 1233 914 1289 tam
930 1228 985 1288 diu
1001 1229 1140 1290 haesisse
1168 1234 1199 1289 et
1214 1229 1403 1290 distractum

187 1355 269 1410 esse,
294 1356 392 1415 quam
417 1337 472 1415 qui
497 1336 648 1409 maxime,
675 1337 756 1396 inter
777 1335 961 1413 disputandi
983 1341 1037 1396 aut
1061 1336 1201 1415 fingendi
1223 1337 1362 1396 rationes
1387 1354 1403 1397 e

186 1446 374 1522 linguarum
399 1443 645 1521 investigatione
664 1449 742 1503 tunc
765 1448 860 1503 ortas.
887 1443 979 1515 Quod
1001 1443 1132 1520 quidem
1149 1442 1255 1503 decori
1271 1447 1318 1503 est
1333 1444 1402 1521 ejus

188 1550 341 1630 prudenti
363 1555 394 1610 et
420 1550 581 1626 aequabili
606 1551 726 1623 anime,
741 1551 901 1610 contraria
925 1551 1052 1628 egregia
1070 1552 1225 1628 religione
1242 1555 1273 1611 et
1292 1556 1402 1614 exacto

189 1658 343 1734 scrupulo
356 1656 577 1735 perpendenti,
594 1657 720 1716 timenti
738 1674 864 1734 semper
888 1657 1081 1717 celebratam
1104 1659 1264 1736 vulgoque
1280 1662 1403 1736 gratam
1472 1670 1476 1685 ·

188 1764 378 1841 opinionem
399 1768 455 1822 aut
477 1763 620 1840 speciosa
648 1769 836 1841 argumenta
854 1763 956 1841 sequI,
982 1763 1032 1823 vel
1055 1764 1214 1824 amicitiae
1239 1769 1294 1824 aut
1318 1764 1402 1825 docti

189 1871 330 1948 alicujus
350 1870 408 1928 viri
433 1870 613 1929 auctoritati
631 1871 811 1929 inconsulte
835 1871 1012 1948 indulgere.
1039 1871 1141 1942 Quem
1156 1873 1270 1933 merito
1286 1872 1403 1932 dixeris

190 1979 349 2039 constanti
370 1995 458 2036 more
481 1977 525 2037 ita
547 1978 660 2056 egisse,
689 1978 772 2036 sicut
797 1977 923 2054 scripsit
947 1978 1038 2054 ipse:
1063 1979 1167 2038 «llihi
1187 1983 1294 2038 autem
1319 1980 1404 2039 ultra

189 2085 333 2163 partium
355 2084 460 2143 studia
479 2084 675 2161 affectusque
695 2084 853 2144 attollenti
872 2084 1029 2157 animum,
1053 2090 1083 2144 et
1102 2086 1238 2162 patriam
1256 2103 1403 2146 commu-

189 2209 265 2251 nem
292 2189 427 2248 humani
451 2191 576 2268 generis
600 2190 749 2262 intuenti,
778 2189 969 2250 contendere
994 2195 1183 2269 argumenta
1205 2193 1403 2269 argumentis

189 2299 306 2375 placet,
334 2296 460 2373 aequali
489 2297 590 2371 lucro,
623 2301 695 2356 utra
722 2313 794 2373 pars
822 2297 945 2370 vicerit,
977 2297 1053 2357 dum
1088 2299 1228 2358 veritatis
1261 2301 1402 2378 cognitio

191 2408 349 2482 augeatur
364 2401 417 2482 (l).

228 2513 268 2572 nt
283 2510 358 2571 inde
373 2510 471 2570 velim
486 2508 654 2582 concedas,
672 2527 737 2570 non
752 2509 820 2569 sine
836 2509 945 2587 aliquo
964 2511 1036 2588 jure
1056 2528 1252 2588 quemquam
1270 2511 1309 2572 de
1323 2531 1403 2590 qua-

191 2618 266 2679 dam
282 2618 467 2677 infirmitate
493 2616 611 2694 ingenii
635 2615 793 2693 conjicere
817 2632 922 2692 posse,
946 2633 1008 2692 qua
1031 2617 1084 2676 ille
1105 2623 1228 2678 certum
1240 2619 1402 2696 judicium

191 2730 221 2785 et
248 2724 457 2784 deliberatam
486 2723 671 2799 opinionem
697 2723 850 2800 consequi
881 2740 947 2782 non
976 2723 1112 2783 valuerit
1138 2724 1219 2784 inter
1243 2728 1410 2787 contraria*

191 2835 391 2910 argumenta.
409 2831 446 2889 Et
461 2829 539 2889 haec
559 2829 704 2902 sortasse,
732 2847 765 2887 re
785 2829 1028 2906 circumspecta,
1055 2848 1093 2890 ex
1108 2848 1145 2890 ea
1162 2832 1278 2892 mentis
1294 2833 1403 2894 indole

191 2937 320 3016 pendet,
344 2955 425 3014 quae
450 2936 559 2996 omnia
587 2936 765 3013 intelligere
785 2940 815 2995 et
837 2939 1014 3012 temperare
1036 2935 1153 3010 studet,
1174 2942 1205 2997 et
1230 2940 1299 3017 ejus
1320 2941 1404 3018 inge-

191 3045 284 3105 nium
304 3048 398 3121 atque
419 3059 550 3103 omnem
574 3041 824 3119 philosophandi
850 3043 1007 3102 rationem
1027 3043 1181 3120 peculiari
1203 3046 1291 3105 velut
1310 3047 1402 3124 signo

191 3157 291 3214 notat.
308 3151 399 3224 Quod
413 3151 542 3228 planius
558 3167 634 3210 mox
655 3149 841 3210 ostendetur
861 3151 893 3208 in
913 3150 1012 3209 altera
1028 3152 1216 3227 quaestione
1232 3151 1403 3214 diuturnae

194 3260 287 3323 istius
300 3258 338 3319 de
354 3259 459 3336 gotica
473 3259 585 3335 lingua
600 3257 845 3317 controversiae.

233 3365 378 3438 Quadam
397 3364 484 3424 enim
510 3364 660 3441 opinione
681 3362 837 3440 impedita
856 3363 958 3423 luerat
982 3368 1012 3423 et
1032 3364 1196 3442 implicata
1216 3364 1403 3446 disceptatio

194 3473 277 3532 inter
292 3471 494 3531 doctissimos
518 3471 613 3530 viros.
640 3471 720 3529 Nota
749 3474 824 3529 sunt
848 3488 929 3547 quae
953 3471 1168 3532 somniaverat
1183 3478 1213 3533 et
1226 3475 1403 3551 apostolico

194 3579 317 3656 impetu
331 3575 570 3654 praedicaverat
584 3577 704 3636 Suecus
725 3576 983 3654 Stjeranelmius
1008 3576 1046 3636 de
1072 3579 1204 3656 antiqua
1227 3581 1404 3643 Succorum

194 3683 337 3761 origine;
362 3683 414 3742 cui
439 3686 641 3760 compertum
663 3681 840 3754 videbatur,
867 3682 1093 3760 primigeniam
1117 3684 1215 3744 fuisse
1240 3686 1323 3746 inter
1342 3687 1404 3747 lin-

194 3808 272 3872 guas
295 3792 471 3852 Succorum
495 3790 651 3867 linguam,
677 3793 854 3850 ceterarum
879 3793 1038 3867 quotquot
1062 3795 1137 3850 sunt
1155 3797 1303 3869 matrem,
1326 3795 1472 3908 Sue-N

194 3902 278 3962 ciam
301 3903 409 3960 eutem
431 3899 581 3959 omnibus
607 3898 780 3976 Europaeis
805 3897 953 3977 gentibus
981 3898 1167 3976 praebuisse
1195 3900 1402 3965 incunabula.

194 4009 257 4070 Nec
282 4007 414 4070 fortuito
440 4010 471 4068 et
494 4005 648 4086 singulari
675 4023 762 4078 casu,
786 4008 822 4067 ut
845 4005 982 4066 libenter
1010 4005 1132 4080 credas,
1155 4011 1244 4069 tanta
1265 4010 1406 4074 amentia

195 4115 326 4179 exstitit.
350 4115 429 4176 Nam
449 4113 601 4193 magister
614 4117 741 4174 tantum
765 4116 795 4174 et
817 4111 882 4174 dux
903 4111 937 4173 in
960 4113 1122 4175 caluerat
1144 4114 1404 4197 Stjemhjelmius

196 4220 279 4302 apud
296 4220 380 4283 cives
410 4237 495 4295 suos,
522 4224 552 4282 et
574 4220 718 4281 aemulos
736 4219 798 4281 cito
822 4218 988 4294 habuerat,
1015 4237 1033 4281 a
1055 4220 1172 4299 quibus
1192 4223 1290 4285 etiam
1311 4243 1405 4304 supe·

196 4335 281 4394 ratus
296 4328 363 4410 lpse
378 4333 436 4392 est.
454 4326 589 4390 Nomine
605 4326 746 4408 quodam
769 4327 919 4390 instincta
937 4326 1017 4390 haec
1042 4328 1177 4405 insania,
1201 4334 1236 4392 ut
1259 4337 1343 4394 recte
1360 4333 1405 4398 alt

960 4535 963 4539 .
1010 4535 1019 4540 -
1211 4537 1243 4551 .,
1276 4537 1399 4558 ,,,,,,,,,,,,

233 4678 268 4758 (ll
286 4681 358 4762 dot..
375 4684 416 4760 tv,
432 4697 493 4764 pars
510 4688 534 4758 2,
548 4695 575 4770 p.
591 4685 649 4748 tlt.
