3446 5452
828 647 1043 732 -lae-

332 817 400 870 csse
423 797 634 882 condendam,
655 801 795 888 primum
814 814 850 870 ut
870 827 938 870 cam
961 803 1123 871 scrutandi
1153 805 1234 871 viam
1256 802 1375 871 inirent
1403 799 1545 872 studiosi

332 917 513 995 linguarum
530 917 601 991 riri,
625 934 720 995 quam
748 934 861 996 magno
877 917 922 977 rei
943 916 1113 978 commodo
1131 916 1258 995 jamdiu
1284 934 1390 978 rerum
1412 923 1549 978 natura-

332 1023 410 1084 lium
433 1023 620 1104 interpretes
638 1022 771 1100 ingressi
787 1027 902 1096 essent,
918 1021 992 1083 dein
1009 1027 1044 1083 ut
1060 1023 1218 1100 cujusque
1239 1023 1380 1101 linguae,
1395 1041 1471 1084 cum
1488 1040 1549 1102 per

331 1130 532 1190 saeculorum
549 1128 731 1203 decursum,
747 1133 817 1189 tum
834 1129 866 1188 ln
879 1128 1015 1207 singulis
1031 1127 1176 1189 dialectis
1189 1129 1424 1204 consideratae,
1440 1130 1546 1191 histo-

331 1235 396 1296 rice
409 1236 590 1313 explanatio
605 1236 835 1313 susciperetur;
852 1252 915 1312 qno
930 1234 1062 1312 quidem
1078 1235 1224 1296 instituto
1246 1236 1313 1315 ipse
1333 1236 1440 1296 statim
1464 1254 1546 1297 usus

330 1344 518 1422 praecipuas
542 1343 692 1421 patefecit
715 1343 799 1420 leges
822 1342 939 1420 quibus
960 1342 1084 1420 linguas
1107 1342 1251 1418 formari,
1279 1343 1400 1421 augeri,
1423 1342 1545 1403 inllectl

331 1455 500 1511 constaret.

369 1557 495 1618 Primus
510 1554 660 1634 denique,
677 1556 734 1617 etsi
749 1555 781 1616 ln
796 1573 832 1616 ca
846 1573 890 1628 re,
904 1558 940 1615 ut
955 1554 1107 1628 vidimus,
1124 1555 1243 1642 proprii
1264 1556 1424 1634 praecepti
1446 1555 1547 1616 inter-

331 1663 406 1724 dum
424 1664 555 1736 oblitus,
570 1663 699 1741 optimis
719 1662 874 1740 exemplis
898 1679 963 1723 non
984 1662 1082 1723 semel
1104 1661 1306 1740 significavit,
1328 1662 1440 1741 quanti
1461 1665 1547 1723 esset

329 1770 485 1831 momenti
508 1769 547 1830 ad
569 1768 752 1830 enodandas
779 1768 989 1848 etymologias
1016 1767 1092 1828 nixa
1116 1767 1237 1846 duplici
1268 1769 1482 1846 experientiae
1512 1775 1547 1828 ct

329 1876 481 1937 historiae
502 1875 712 1936 fundamento
729 1873 902 1956 indagatio.
921 1873 1030 1934 llerlto
1054 1872 1152 1951 igitur
1177 1873 1204 1933 el
1229 1873 1375 1952 conligit,
1393 1877 1429 1933 ut
1453 1873 1546 1934 illam

329 1983 368 2044 ab
390 2001 427 2044 eo
443 1983 584 2061 primum
607 1982 786 2043 institutam
811 1980 1022 2060 investigandi
1048 1981 1216 2052 rationem,
1238 1980 1272 2040 in
1294 1981 1430 2058 singulis
1450 1981 1545 2060 (quid

329 2089 469 2165 dicam‘l)
483 2087 575 2150 v'alde
589 2088 790 2166 explicatam,
806 2087 1009 2148 emendatam
1032 2092 1215 2160 eteoclem,
1233 2087 1266 2147 in
1282 2105 1409 2148 summa
1434 2093 1545 2149 tamen

329 2196 496 2274 integram,
513 2199 586 2273 post
608 2193 671 2256 duo
697 2194 761 2254 lore
777 2194 916 2266 saecula,
938 2195 1131 2256 recentiores
1152 2197 1280 2254 nostrae
1301 2194 1413 2254 aetatis
1434 2212 1544 2273 gram·

328 2303 436 2364 malici
454 2304 568 2364 iterum
586 2301 783 2380 susceperint
799 2305 830 2360 ct
843 2301 936 2379 plane
953 2319 1042 2361 suam
1059 2300 1203 2361 iecerint.
