3446 5452
590 951 1025 1078 CONCLUSIO.

240 1559 326 1630 Quae
361 1579 457 1638 supra
485 1561 645 1638 disputata
675 1566 749 1623 sunt
785 1561 924 1622 breviter
958 1561 1068 1621 omnia
1105 1557 1307 1620 contrahenti
1333 1555 1415 1635 nihil

199 1664 335 1725 sortasse
363 1668 422 1726 erit
449 1667 721 1740 concludendum,
751 1667 838 1745 quod
864 1685 930 1726 non
960 1671 1053 1726 antea
1090 1683 1128 1726 ex
1156 1664 1292 1743 singulis
1317 1663 1415 1740 hujus

199 1768 430 1830 dissertationis
452 1773 596 1848 partibus
621 1774 716 1850 plane
735 1774 872 1850 intelligi
898 1773 1049 1850 potuerit.
1072 1773 1144 1833 lam
1166 1771 1255 1830 enim
1270 1773 1415 1829 constare

197 1875 336 1948 videtur,
372 1879 577 1951 leibnitium,
608 1881 712 1940 varios
743 1879 933 1957 disciplinae
967 1879 1007 1939 ad
1043 1876 1251 1955 inquirendas
1289 1876 1416 1952 linguas

199 1985 372 2059 spectantis
388 1985 476 2044 locos
491 1989 692 2057 tractantem,
709 1986 801 2046 nullo
819 1989 913 2063 pacto
930 1985 1085 2045 audacem
1113 1985 1205 2043 illum
1233 1986 1264 2042 et
1289 1982 1417 2042 lelicem

150 2163 154 2170 ι
199 2106 307 2149 rerum
322 2108 479 2151 novarum
495 2097 660 2152 auctorem
675 2092 785 2164 fuisse,
811 2109 908 2169 quem
932 2093 1001 2169 ejus
1016 2094 1230 2150 assentatores
1247 2088 1417 2165 depingere

199 2204 418 2257 assueverunt.
454 2199 538 2270 Quas
566 2205 671 2259 autem
693 2199 731 2259 do
747 2217 943 2277 unaquaque
959 2217 991 2258 re
1011 2198 1134 2275 profert
1149 2197 1334 2268 sententiae,
1351 2213 1416 2267 eas,

198 2302 389 2381 plerumque
412 2323 450 2364 ex
474 2304 608 2365 diversis
624 2306 798 2383 superioris
814 2306 927 2365 aetatis
943 2305 1164 2382 scriptoribus,
1189 2322 1226 2364 ac
1245 2303 1417 2381 praecipue
1462 2299 1464 2304 ’

199 2425 238 2467 ex
253 2409 417 2482 Morhosro,
435 2414 608 2488 excerptas,
629 2429 713 2471 novo
730 2411 862 2489 quidem
884 2416 914 2471 et
929 2411 1097 2489 splendido
1116 2411 1287 2470 verborum
1303 2410 1416 2470 habitu

199 2515 340 2588 vestitaS,
356 2518 535 2593 proposuit,
563 2535 603 2577 ne
626 2523 748 2594 servata
773 2518 906 2596 quidem
927 2519 1054 2596 saepius
1077 2517 1223 2594 priorum
1246 2519 1416 2576 auctorum

199 2620 362 2696 explorata
378 2622 500 2681 ratione
514 2629 569 2683 aut
584 2628 677 2683 cauta
690 2623 835 2684 audacia.

239 2727 309 2785 Non
331 2731 377 2786 est
392 2729 535 2804 profecto
558 2729 645 2807 quod
667 2729 720 2789 hic
746 2731 861 2791 iterum
887 2748 924 2789 cx
944 2730 1056 2789 ordine
1076 2745 1303 2800 memoremus,
1329 2745 1416 2800 eum,

199 2834 248 2894 vel
268 2833 436 2895 hebraicae
459 2817 587 2914 linguae
603 2838 778 2914 primatum
795 2838 998 2910 infitiantem,
1016 2837 1066 2896 vcl
1082 2835 1283 2913 germanicae
1299 2840 1329 2894 et
1350 2851 1418 2912 per-

200 2942 283 3001 sicae
311 2942 439 3020 linguae
466 2944 736 3004 necessitudinem
766 2962 858 3023 aegre
886 2949 1014 3004 tantum
1042 2941 1271 3003 concedentem
1301 2946 1331 3000 ct
1366 2943 1419 3000 vix

200 3065 383 3130 concessam
407 3051 495 3109 miris
516 3051 648 3110 omnino
674 3052 779 3112 causis
805 3050 1040 3128 expedientem,
1063 3068 1151 3110 nuno
1175 3051 1279 3109 varias
1299 3066 1418 3109 sermo-

200 3171 280 3214 num
305 3156 426 3232 species
452 3158 484 3216 in
510 3159 627 3218 classes
651 3157 842 3218 distribuere
868 3162 1057 3229 tentantem,
1085 3175 1173 3218 nunc
1195 3155 1352 3234 quaedam
1380 3155 1419 3215 ad

200 3262 448 3340 etymologicam
465 3265 659 3341 pertinentia
673 3270 843 3343 praecepta
857 3268 994 3343 carptim
1016 3267 1199 3326 afferentem
1225 3269 1280 3324 aut
1300 3268 1420 3342 etymo-

200 3368 303 3445 logias
319 3369 421 3430 obiter
448 3375 478 3430 et
501 3376 620 3431 temere
647 3373 873 3449 explicantem,
898 3373 979 3433 nihil
996 3377 1052 3432 aut
1075 3373 1192 3432 dixisse
1214 3377 1270 3430 aut
1293 3370 1417 3442 secisse,

200 3474 286 3553 quod
299 3494 365 3536 non
380 3478 484 3537 multo
501 3483 574 3537 ante
589 3483 621 3537 et
636 3480 740 3538 multo
757 3479 943 3557 diligentius
959 3497 977 3540 a
990 3478 1143 3539 Morhosso
1161 3478 1201 3539 sit
1214 3478 1418 3538 enuntiatum

200 3586 231 3642 et
246 3582 441 3643 conlectum.
928 3561 933 3570 ’

239 3691 308 3749 Non
324 3708 400 3750 sane
425 3692 519 3751 nobis
538 3693 696 3752 inanimo
724 3698 783 3766 est,
807 3693 893 3770 quod
917 3692 1049 3770 quidem
1073 3709 1130 3770 per
1153 3696 1254 3752 totam
1271 3691 1420 3753 disserta-

198 3798 320 3858 tionem
335 3798 422 3858 haud
438 3799 589 3877 ambigue
604 3800 805 3872 monuimus
822 3805 868 3872 ut,
887 3817 967 3877 quae
988 3798 1073 3877 apud
1096 3805 1272 3876 utrumque
1300 3798 1420 3858 similia

200 3903 494 3982 deprehenduntur,
532 3911 648 3966 cuncta
683 3924 701 3965 a
738 3907 897 3966 Leibnitio
933 3924 971 3966 ex
1004 3923 1069 3965 uno
1101 3906 1235 3982 soloque
1265 3903 1419 3965 Morhosro

200 4011 381 4070 necessario
398 4010 571 4088 desumpta
591 4030 658 4072 esse
675 4011 926 4084 contendamus;
951 4011 1129 4072 ostendisse
1155 4012 1231 4070 satis
1251 4010 1418 4083 habemus,

200 4118 310 4178 omnia
329 4136 410 4194 quae
431 4117 516 4195 apud
544 4119 741 4179 Leihnitium
766 4125 940 4181 occurrunt
963 4119 1089 4198 jamdiu
1115 4118 1201 4196 apud
1228 4118 1420 4178 Morhctium

201 4225 376 4295 exstitisse,
401 4225 645 4303 multautrique
661 4244 865 4286 cumeorum
889 4226 1078 4303 aequalibus
1100 4225 1199 4285 fuisse
1223 4224 1419 4294 communia,

202 4323 372 4393 nonnulla,
398 4340 458 4381 nec
482 4323 719 4383 contemnenda
741 4323 883 4401 quidem,
907 4324 1104 4383 Leihnitium
1127 4339 1194 4382 non
1212 4322 1276 4381 nisi
1300 4339 1339 4382 ex
1354 4322 1423 4398 ipsa

209 4429 355 4490 Morhofri
377 4428 577 4489 Institutione
598 4431 726 4491 haurire
751 4433 905 4509 potuisse,
931 4431 1083 4491 Morhcfio
1100 4429 1238 4506 denique
1261 4445 1329 4488 eam
1355 4446 1423 4488 esse

206 4539 318 4617 utique
333 4538 462 4599 laudem
472 4535 688 4612 tribuendam,
699 4544 734 4598 ut
749 4540 857 4600 omnia
867 4539 931 4600 huc
945 4538 1120 4617 spectantia
1134 4540 1323 4616 argumenta
1338 4535 1425 4613 prior

207 4650 261 4706 aut
275 4645 442 4723 collegerit
457 4649 489 4706 et
504 4645 707 4724 disposuerit,
725 4651 779 4706 aut
806 4646 1032 4724 excogitaverit
1052 4648 1147 4721 atque
1173 4644 1205 4702 in
1230 4642 1335 4700 lucem
1351 4657 1425 4718 pro-

208 4754 327 4812 tulerit.
