3446 5452
850 601 893 623 -
925 555 1064 644 tot-

353 729 488 797 guarum
512 709 658 788 studiosi,
683 715 720 779 ut
741 710 817 778 istas
837 711 923 797 leges
946 715 1115 790 cruentet
1135 707 1209 778 inde
1233 711 1389 795 quaedam
1414 707 1510 795 quasi
1536 705 1569 774 in

249 849 251 856 ·
351 841 451 886 arnum
469 839 583 904 eorpus
608 821 745 884 deducta
760 829 928 902 praecepta
949 823 1164 898 constituant;
1189 823 1306 902 quibus
1326 823 1394 884 nixi
1410 841 1477 885 rem
1500 825 1568 900 ety-

352 929 541 1010 mologicam
561 929 813 1010 investigandam
838 932 939 992 tutius
960 930 1088 991 tandem
1106 928 1234 1010 aggredi
1255 931 1391 1010 possint.
1408 933 1567 1006 Namque,

352 1038 395 1100 ait
409 1038 593 1106 blorhollus,
610 1061 624 1093 o
640 1056 675 1098 so
688 1038 822 1118 richtige
836 1038 996 1117 Principia
1011 1036 1103 1100 darin
1117 1038 1258 1098 koennen·
1269 1041 1407 1117 gesetzet
1421 1035 1567 1106 werden,

351 1161 408 1206 aus
421 1144 565 1204 walchen
579 1143 629 1204 die
648 1145 818 1224 Ableitung
834 1144 888 1205 der
903 1146 1040 1205 Woerter
1052 1145 1162 1224 iolget,
1175 1145 1235 1204 wie
1251 1149 1331 1204 elwa
1347 1161 1363 1205 e
1376 1143 1568 1222 corporibus

352 1253 552 1330 simplicibus
573 1257 605 1312 ot
624 1251 789 1314 eleruenlis
812 1251 862 1313 die
888 1253 980 1312 rrristu
1003 1251 1181 1322 entstebcn,
1206 1250 1271 1311 und
1295 1251 1392 1311 lindet
1412 1251 1471 1310 last
1495 1249 1568 1309 eine

353 1359 583 1422 demonstratio
610 1359 706 1420 alllrie
736 1363 827 1432 slaat,
854 1359 971 1437 jedoob
995 1377 1029 1419 so
1056 1359 1117 1420 viel
1134 1358 1183 1420 die
1205 1359 1304 1419 Natur
1326 1357 1393 1420 und
1420 1355 1567 1420 Besobal-

352 1465 474 1529 lenireit
488 1465 543 1526 der
557 1466 655 1543 binga
671 1465 799 1544 zugiebt
816 1489 829 1519 o
845 1469 854 1543 l
877 1469 899 1541 ).

392 1575 479 1647 Quae
505 1573 636 1651 quidem
658 1573 787 1652 regulae
818 1572 905 1632 haud
930 1589 1022 1652 aegre
1048 1573 1172 1650 possint
1191 1572 1294 1652 detegi
1314 1579 1345 1634 et
1369 1575 1403 1633 in
1421 1572 1568 1633 ordinem

353 1679 464 1758 digeri,
489 1678 584 1741 modo
605 1680 816 1758 etymologiae
836 1678 965 1739 tandem
982 1677 1094 1738 eadem
1111 1703 1125 1734 (ι
1140 1679 1284 1739 internae
1299 1678 1532 1739 observationis
1551 1699 1565 1730 »

355 1788 406 1850 via
433 1790 684 1864 tractatumque
711 1791 836 1846 tantum
861 1787 929 1864 jam
963 1791 1085 1846 ceterae
1121 1785 1322 1863 disciplinae,
1359 1787 1567 1863 potissimum

357 1898 465 1956 ararem
477 1911 558 1974 quae
570 1892 608 1952 ad
621 1897 769 1953 naturam
786 1896 940 1970 spectant,
958 1891 1032 1952 inde
1045 1892 1084 1952 ab
1098 1892 1238 1969 antiquis
1253 1893 1454 1970 temporibus
1467 1890 1570 1968 proie-

357 2007 480 2074 cerunt,
497 2007 591 2078 atque
610 2002 666 2061 illa
684 2001 723 2060 ab
739 2001 906 2060 Aristotele
919 1999 987 2076 jant
1002 1998 1126 2076 pridem
1144 1999 1368 2059 commendata
1383 1995 1567 2076 inquirendi

356 2109 438 2171 ratio
452 2108 651 2179 adhibeatur,
669 2108 762 2184 cujus
778 2107 856 2166 bace
871 2123 998 2165 summa
1013 2109 1070 2174 est,
1086 2109 1121 2164 ut
1136 2129 1149 2158 α
1168 2109 1296 2183 sumpto
1313 2122 1350 2164 ex
1367 2105 1436 2182 ipsa
1456 2109 1568 2164 natura

357 2217 514 2296 eaenrplo,
529 2233 545 2276 o
562 2216 759 2276 facilioribus
780 2219 810 2276 et
826 2212 1026 2292 simplicibus
1041 2212 1079 2273 ad
1094 2211 1272 2274 difficiliora
1287 2216 1317 2273 et
1333 2212 1480 2274 intricata
1499 2227 1566 2291 pro·

358 2326 449 2390 cedat
464 2325 665 2403 investigatio
681 2346 694 2377 a
713 2325 767 2397 (dt.

396 2437 507 2495 Nonne
530 2434 581 2493 bic
600 2449 711 2493 rursus
736 2449 753 2490 a
775 2429 928 2490 blorholio
951 2427 1089 2487 breviter
1108 2426 1251 2504 quidem,
1275 2424 1329 2487 sed
1352 2425 1563 2487 nihilominus

358 2542 500 2622 praecise
523 2545 554 2600 et
578 2538 739 2600 evidenter
763 2536 962 2596 enuntiatam
984 2533 1082 2593 habes
1107 2549 1269 2594 summam
1295 2533 1389 2593 istam
1414 2530 1566 2610 gravioris

360 2649 516 2726 cujusque
533 2643 787 2722 investigationis
807 2644 923 2720 legem,
940 2658 1049 2718 quarn,
1065 2640 1159 2700 solito
1180 2656 1280 2710 more,
1305 2639 1481 2698 Leibnilius
1508 2636 1567 2715 pri·

359 2773 432 2815 ntus
448 2751 700 2831 promulgavisse
715 2749 855 2828 lingitur,
871 2765 945 2808 cum
968 2747 1086 2806 diceret
1104 2764 1110 2805 :
1129 2769 1143 2801 a
1161 2746 1184 2804 ll
1200 2745 1268 2805 larrt
1293 2744 1469 2806 introduire
1491 2744 1565 2803 dans

359 2859 477 2921 l'e'tude
494 2858 548 2918 des
562 2859 694 2935 langues
710 2857 740 2914 la
758 2854 908 2914 urethode
924 2852 1157 2912 d'observation
1175 2857 1203 2911 et
1225 2853 1269 2911 les
1284 2851 1437 2929 procedes
1462 2851 1564 2910 d'ana-

358 2968 425 3045 lyse
441 2970 472 3025 et
488 2963 685 3024 d'induction
700 2980 738 3022 en
754 2979 850 3038 usage
866 2959 943 3019 dans
957 2961 1002 3019 les
1019 2959 1160 3018 scienees
1175 2962 1298 3018 exactas
1309 2961 1339 3017 et
1354 2958 1527 3017 naturalles
1538 2977 1562 3027 o,

359 3077 414 3133 aut
429 3096 443 3127 «
461 3069 587 3131 L'dtudc
617 3069 670 3128 des
695 3068 827 3146 langues
854 3085 894 3126 ne
913 3065 980 3125 doit
1002 3068 1066 3125 etre
1090 3063 1208 3143 dirigee
1236 3082 1298 3141 que
1323 3082 1380 3141 par
1407 3065 1452 3124 les
1480 3063 1563 3141 prin-

359 3181 444 3257 cipes
462 3177 516 3238 des
541 3177 681 3235 sciances
697 3178 831 3234 exactos.
855 3173 1029 3250 Pourquoi,
1047 3189 1086 3231 en
1107 3171 1189 3243 eliel,
1208 3187 1411 3231 commencer
1426 3188 1484 3249 par
1498 3171 1565 3230 l’in-

361 3303 468 3346 eonnu
481 3284 585 3361 plutdt
600 3299 662 3359 que
677 3298 735 3357 par
748 3281 776 3340 le
790 3280 921 3339 connul
939 3301 952 3333 c
968 3280 1022 3355 (3).

398 3389 776 3471 Etymologiarninsuper
802 3385 827 3445 si
853 3385 925 3463 quis
950 3382 1098 3462 prudenti
1126 3388 1157 3443 et
1172 3388 1266 3444 cauta
1292 3384 1419 3444 ratione
1441 3382 1565 3462 aggredi

360 3499 457 3571 volet,
479 3494 663 3556 meminisse
685 3494 784 3565 decet,
808 3491 984 3552 condendis
1010 3490 1108 3568 hujus
1134 3490 1322 3569 disciplinae
1346 3492 1471 3568 legibus
1488 3492 1566 3552 nihil

360 3607 463 3666 inesse
477 3603 602 3674 debere,
620 3598 706 3679 quod
721 3601 754 3659 in
767 3600 952 3676 conjectura
963 3602 1019 3658 aut
1034 3597 1220 3659 inductione
1231 3603 1381 3676 ponatur,
1405 3617 1465 3661 nec
1481 3599 1570 3679 quid·

360 3729 457 3790 quam
469 3707 730 3779 combinatoriae,
740 3711 776 3766 ut
790 3706 847 3764 illo
863 3709 1008 3781 tempore
1024 3703 1200 3776 dicebatur,
1217 3708 1249 3764 et
1261 3704 1420 3783 probabili
1447 3707 1568 3767 ratioci-

358 3817 482 3880 nationi
496 3833 564 3876 esse
578 3812 798 3884 tribuendum,
811 3828 887 3871 cum
899 3815 1010 3870 contra
1022 3811 1092 3888 ejus
1108 3809 1267 3870 elementa
1279 3827 1345 3870 non
1359 3811 1422 3870 nisi
1436 3829 1475 3873 ex
1502 3813 1568 3890 ipso

363 4135 450 4184 certos
474 4131 603 4198 quosdam
628 4142 708 4182 sonos
729 4129 880 4195 propensio,
900 4127 972 4181 illine
992 4127 1140 4194 euphoniae
1158 4128 1198 4178 vis
1214 4129 1241 4178 ot
1256 4127 1513 4190 momentumitlot,
1530 4129 1570 4188 tl,

363 4231 488 4288 llo-112,
507 4225 575 4293 lli).

400 4321 436 4386 (l)
457 4321 528 4384 usit,
544 4324 586 4373 69.

406 4421 420 4468 2
451 4416 529 4478 leid„
564 4420 574 4466 t
603 4418 682 4467 illd.

395 4416 433 4567 ἓξ
452 4505 535 4566 Pezzi,
547 4420 605 4568 ⁸05.
628 4502 684 4563 αἱ,
706 4503 747 4564 tn
771 4502 831 4552 blax
853 4499 954 4562 bitlller,
969 4499 1072 4565 doeens,
1088 4503 1116 4550 l·
1131 4499 1226 4561 Series,
1253 4501 1297 4550 ltl
1313 4512 1321 4561 ;
1336 4495 1403 4561 Noli,
1419 4495 1522 4548 Ler'dnlz
1538 4496 1576 4546 uls

363 4598 580 4665 Sprucbsorseber
594 4595 648 4647 und
660 4596 822 4662 dtymolope,
839 4597 872 4659 ll,
887 4597 978 4646 21·22.
