3446 5452
893 581 1107 658 428-

379 733 593 797 mutationum
611 733 691 797 ratio
711 733 823 796 sedulo
850 737 1082 798 observaretur.
1108 739 1176 811 Quo
1205 733 1337 814 quidem
1364 733 1477 798 allicio
1501 749 1591 812 qttrun

377 840 547 917 diligenter
559 843 599 903 sit
622 845 761 912 l'unclus,
779 862 875 920 snpra
893 845 959 921 jam
985 850 1170 904 ormmerala
1187 843 1368 903 luculenter
1383 843 1463 902 salis
1481 841 1590 900 decere

378 947 611 1009 existimaveris
629 951 683 1024 il).

414 1054 694 1128 Quemadmodum
722 1062 828 1116 antem
851 1073 934 1116 nova
963 1061 993 1116 et
1022 1060 1107 1116 certa
1131 1057 1243 1130 mulla,
1269 1073 1326 1134 pro
1350 1061 1499 1134 tempore
1522 1069 1592 1111 sane

375 1179 441 1222 nen
464 1161 710 1234 contemnenda,
729 1163 901 1224 Morbollus
928 1161 966 1222 de
992 1167 1137 1240 utraque,
1163 1179 1260 1238 quam
1289 1166 1400 1240 postea
1426 1157 1591 1221 eornmuoi

374 1267 506 1328 nomine
524 1265 820 1350 Lauterrrclriebuop
833 1268 1085 1347 appellaverunt,
1102 1267 1328 1328 mutandarum
1341 1264 1591 1328 consonantium

374 1375 497 1434 ratione
512 1376 670 1452 exposuit,
688 1376 731 1435 ita
759 1375 797 1435 ad
814 1376 893 1435 alias
910 1391 1039 1452 qiroqne
1059 1373 1215 1452 ‹piasdam
1240 1378 1455 1434 consonantes
1474 1373 1591 1430 intenta

375 1480 473 1541 animi
489 1480 569 1552 acie,
587 1499 669 1559 qnae
686 1481 821 1558 singulis
834 1499 944 1541 earum
960 1481 1187 1540 conversiones
1201 1481 1423 1558 contigissent,
1442 1479 1590 1539 ubicum-

374 1605 435 1664 qne
449 1588 540 1665 copia
556 1593 633 1658 erat,
651 1588 811 1665 explicare
830 1587 971 1647 tentavit.
991 1587 1084 1646 Vetnt
1097 1585 1330 1658 animadvertit,
1354 1591 1410 1646 ant
1436 1599 1587 1664 graecum

373 1692 536 1772 digamma
569 1692 727 1754 interdum
758 1711 831 1754 cum
858 1693 1042 1772 germanica
1056 1694 1159 1753 littera
1175 1711 1200 1752 w
1214 1710 1390 1770 congruere
1410 1711 1479 1770 :gr.
1499 1693 1586 1772 ἔργον,

373 1815 473 1876 gorm.
488 1797 588 1873 werlu
607 1817 653 1878 gr.
678 1804 762 1876 οἶνος,
779 1817 879 1878 germ.
899 1797 992 1870 meio,
1009 1817 1055 1874 gr.
1071 1801 1138 1876 ἄειν,
1157 1817 1256 1876 germ.
1272 1797 1391 1872 rertieo;
1409 1816 1454 1876 gr.
1471 1799 1586 1866 ἔσεσθαι,

375 1922 454 1976 esse,
489 1923 587 1984 germ.
619 1923 730 1978 utereris
762 1923 808 1983 gr.
838 1907 931 1981 ε’ίκειν,
964 1923 1063 1983 germ.
1092 1903 1219 1964 wieclreo
1255 1903 1419 1982 (euriclion),
1453 1901 1583 1970 cedere;

373 2030 419 2090 gr.
437 2015 525 2088 οὖλος,
549 2030 648 2090 germ.
666 2010 752 2071 melle
767 2014 826 2088 (⁶2),
853 2016 908 2072 aut
930 2013 1079 2090 spiritum
1094 2029 1243 2090 asperum
1271 2011 1399 2090 saepius
1424 2011 1539 2071 latinae
1558 2009 1585 2066 et

372 2119 573 2196 germanicae
587 2119 709 2178 litterae
723 2137 735 2176 s
752 2116 963 2195 respondere:
983 2135 1029 2196 gr.
1045 2111 1083 2186 ὗς,
1102 2118 1155 2178 lat.
1169 2137 1230 2190 sus,
1248 2135 1347 2195 germ.
1365 2137 1421 2177 suu
1437 2135 1443 2190 ;
1460 2135 1506 2194 gr.
1518 2112 1582 2183 ἅμα,

372 2229 436 2300 got.
452 2242 594 2298 -sumun3
614 2241 659 2302 gr.
677 2227 732 2300 tle,
757 2241 855 2302 germ,
874 2221 950 2282 saltz
970 2226 1023 2302 (3).

412 2330 472 2391 Sed
499 2330 537 2390 ad
564 2331 775 2409 etymologias
804 2330 987 2390 enodandas
1016 2329 1178 2390 accedenti
1211 2331 1254 2390 ita
1288 2333 1415 2391 tautum
1449 2327 1581 2390 feliciter

372 2437 482 2498 cedere
506 2441 641 2516 poterat,
673 2438 698 2497 si
726 2438 911 2497 observatae
940 2437 1189 2496 consonantium
1216 2437 1410 2496 mutationes
1440 2441 1499 2496 tam
1527 2435 1580 2492 lre-

372 2543 481 2620 quenti
498 2549 527 2603 et
541 2543 698 2603 constanti
719 2542 830 2602 ordine
846 2542 1061 2621 deprehensae
1080 2547 1195 2616 essent,
1212 2547 1247 2602 ut
1265 2535 1304 2602 ex
1319 2543 1464 2603 collectis
1481 2555 1579 2604 exem-

371 2651 432 2728 plis
457 2654 543 2710 certa
567 2649 723 2728 quaedam
749 2649 889 2710 termula
914 2654 945 2710 et
972 2649 1023 2709 lex
1048 2655 1156 2726 posset
1184 2648 1347 2708 constitui.
1375 2649 1456 2710 Cum
1479 2651 1578 2708 antem

372 2759 555 2836 linguarum
577 2761 692 2816 natura
716 2757 778 2817 boc
797 2758 840 2816 ita
866 2760 1085 2835 comparatum
1110 2756 1160 2828 sit,
1189 2759 1225 2816 nl
1249 2755 1367 2816 multae
1390 2772 1483 2816 voees
1508 2753 1578 2814 binc

369 2865 459 2924 illine
470 2867 649 2936 occurrant,
662 2880 799 2940 quarum
815 2881 889 2923 suas
901 2879 1046 2942 quaeque
1057 2863 1234 2940 peculiares
1250 2861 1438 2923 inflexiones
1455 2863 1575 2940 experta
1688 2833 1689 2916 i

371 2972 421 3044 sit,
437 2971 502 3030 lieri
523 2987 588 3030 non
604 2973 738 3048 poterat,
756 2971 835 3048 quin
861 2970 901 3030 ad
926 2987 978 3030 eas
1004 2968 1190 3030 scrutandas
1211 2967 1376 3041 accedens,
1405 2968 1574 3036 deficiente,
1687 2937 1688 3026 i

369 3084 406 3138 ut
421 3077 464 3136 ila
480 3076 595 3148 dicam,
613 3076 700 3136 omni
717 3076 770 3135 lilo
791 3075 877 3154 quod
899 3093 1012 3153 passus
1036 3080 1168 3154 regeret,
1194 3077 1299 3136 animo
1316 3077 1444 3156 saepius
1460 3077 1574 3152 frange·

368 3190 466 3258 retur,
482 3188 512 3244 et
526 3201 600 3244 cum
617 3183 706 3243 nulla
721 3187 886 3262 appareret
907 3183 1097 3262 expediendi
1118 3183 1195 3244 nodi
1221 3183 1397 3263 probabilis
1423 3184 1513 3256 ratic,
1527 3179 1571 3242 vel

369 3293 497 3372 proprio
519 3292 648 3352 arbitrio
674 3289 864 3369 indulgeret,
889 3291 937 3351 vel
967 3291 1005 3351 ad
1027 3290 1239 3351 translaticias
1268 3291 1343 3351 istas
1369 3290 1569 3370 «uegetas»,

369 3418 448 3478 quas
465 3399 531 3478 ipse
545 3405 652 3460 tamen
668 3399 904 3476 implacabilius
920 3399 1091 3478 rejecisset.
1110 3398 1234 3477 impetu
1250 3399 1390 3476 quodam
1407 3405 1568 3460 revertere-

368 3507 626 3584 memoriasque
645 3521 808 3584 perperam
823 3523 909 3566 nunc
926 3523 964 3566 ex
977 3511 1107 3566 externa
1118 3523 1235 3567 veeum
1251 3505 1476 3580 similitudine,
1492 3521 1571 3566 oeric

368 3631 407 3676 ex
422 3613 663 3693 signilieationis
676 3613 896 3692 congruentia,
912 3614 1002 3675 nulla
1024 3614 1092 3692 jam
1115 3612 1257 3674 adbibita
1278 3631 1404 3688 norma,
1422 3613 1570 3694 etymolo·

369 3721 437 3800 glas
453 3719 593 3781 duceret.

408 3829 477 3889 Non
491 3831 537 3888 est
551 3828 694 3905 prolecto
709 3823 891 3906 negandum
907 3826 947 3900 ei,
964 3824 1082 3906 pariter
1096 3843 1133 3886 ac
1145 3825 1313 3888 Leibnitio.
1332 3827 1461 3906 saepius
1473 3822 1569 3890 couti·

366 3933 461 4016 gissa,
484 3940 531 4010 ut,
559 3935 650 4013 quasi
676 3934 815 3996 naturali
844 3934 985 4014 quodam
1009 3934 1163 3996 instinctu
1183 3939 1215 3997 et
1240 3935 1379 4016 genuina
1405 3933 1568 4014 prudentia

368 4040 494 4118 duetus,
511 4043 629 4112 mullas
643 4057 736 4104 voces
750 4045 869 4105 temere
893 4041 969 4104 satis
991 4040 1209 4118 adsimularet,
1234 4060 1315 4123 quae
1339 4045 1448 4108 tamen
1471 4059 1569 4108 recen·

370 4243 1563 4270 *Qu-*m

398 4405 434 4486 il)
454 4409 491 4470 cl.
506 4425 586 4485 supra
599 4412 668 4472 Part.
683 4411 702 4472 ll
718 4423 777 4488 cup.
792 4413 849 4474 btv

399 4510 435 4578 id)
455 4509 525 4577 Ultio
542 4516 666 4571 ill-tlt·

398 4609 432 4688 id)
453 4609 527 4682 idid„
549 4609 606 4670 llt·
