3446 5452
634 629 858 709 -117-

131 785 166 852 ln
183 786 322 853 modum
335 786 534 868 judicaverat
548 787 603 870 (1),
619 788 709 850 illinc
731 788 841 849 Larius
856 787 1023 868 adjunctas
1045 787 1236 868 germanicis
1250 803 1344 850 roca-

128 901 219 962 bulis
241 900 484 961 terminationes
508 899 558 958 his
579 899 683 959 verbis
706 899 990 958 existimaveram«
1013 900 1083 958 Non
1105 916 1207 976 pauca
1231 897 1343 958 eodem

129 1025 217 1086 pene
239 1007 335 1067 modo
354 1007 566 1084 pronunciata
590 1011 690 1077 erant,
712 1007 767 1066 sed
791 1006 970 1065 imitatione
992 1006 1121 1084 linguae
1138 1007 1256 1066 latinae
1272 1007 1344 1084 pul-

129 1116 210 1176 chre
226 1114 406 1176 desinentia
421 1115 536 1174 inflexa
551 1137 565 1168 »
581 1113 631 1192 (l),
650 1131 789 1190 cumque
806 1114 900 1192 longe
917 1114 1009 1187 absit,
1022 1118 1058 1172 ut
1070 1112 1144 1172 inde
1159 1114 1261 1173 ullam
1275 1130 1345 1173 cor-

129 1223 296 1300 ruptionis
320 1223 430 1281 notam
459 1221 660 1299 germanicae
698 1221 827 1298 linguae
864 1220 995 1280 haerere
1031 1220 1201 1290 existimet,
1232 1219 1344 1280 sedulo

130 1330 282 1408 exempla
296 1331 471 1400 coacervat,
485 1346 523 1387 ex
539 1328 655 1406 quihus
667 1328 874 1388 manifestum
887 1328 951 1399 fiat,
967 1351 981 1383 ι(
997 1331 1154 1404 quantum
1168 1329 1346 1388 Romanam

130 1436 395 1497 terminationem
423 1451 551 1506 vocum,
572 1450 688 1513 genera
712 1438 807 1511 atque
831 1433 1056 1495 inclinationes
1080 1451 1192 1493 omnes
1224 1433 1257 1492 in
1280 1433 1346 1493 suis

131 1543 248 1604 Franci
265 1542 430 1602 vocabulis
446 1542 510 1600 sint
524 1542 688 1613 aemulati,
705 1545 742 1601 ut
757 1542 879 1601 scilicet
895 1541 1061 1601 barbaram
1074 1543 1215 1621 linguam
1233 1546 1347 1604 ornatu

133 1648 279 1728 quodam
296 1665 332 1708 ac
345 1647 556 1708 similitudine
573 1648 724 1708 Romanis
740 1649 1002 1709 commendarent
1017 1672 1031 1704 a
1048 1651 1102 1726 (3).

172 1759 238 1817 Noc
252 1755 316 1814 nisi
330 1760 402 1832 post
416 1755 550 1834 longum
565 1758 690 1832 tempus
707 1754 811 1816 deleta
826 1759 857 1815 et
872 1756 982 1815 evulsa
997 1760 1044 1816 est
1057 1773 1095 1816 ex
1111 1756 1226 1816 animis
1241 1756 1348 1816 homi-

133 1881 217 1925 num
245 1862 328 1923 falsa
352 1862 411 1921 ista
438 1862 568 1939 opinio;
593 1863 694 1922 mullo
720 1863 805 1922 enim
829 1868 901 1940 post
924 1863 1067 1923 llorholli
1098 1867 1236 1940 tempus,
1265 1880 1349 1922 anno

136 1972 227 2042 1723,
247 1971 313 2029 Ten
333 1969 443 2029 Katius
471 1970 646 2029 nonnullas
670 1970 791 2047 goticas
815 1970 1057 2030 terminationes
1082 1989 1100 2030 a
1125 1971 1246 2048 graecis
1269 1970 1351 2030 deri-

135 2081 228 2136 vatas
245 2076 417 2135 arbitratur
432 2074 484 2153 (l),
503 2076 581 2152 quin
602 2076 708 2146 etiam,
726 2077 790 2135 sere
807 2077 936 2136 ineunte
952 2078 1032 2136 Xlll⁰
1054 2079 1194 2150 saeculo,
1212 2077 1352 2136 Adelun-

137 2185 211 2261 gius
228 2183 296 2258 ipse
314 2185 459 2257 suscepta
474 2180 592 2254 denuo,
617 2199 658 2241 ne
684 2181 787 2241 dicam
804 2183 836 2241 in
850 2183 942 2260 pejus
968 2201 1069 2254 versa,
1094 2183 1260 2243 Sclrottelii
1286 2201 1354 2242 sen-

135 2289 252 2361 tentia,
269 2306 334 2346 non
351 2287 475 2346 dubitat
488 2286 525 2348 de
541 2290 782 2348 occurrentibus
798 2290 830 2348 in
845 2292 1028 2368 germanico
1045 2309 1190 2351 sermone
1206 2293 1354 2369 praefixis

137 2403 168 2457 et
190 2394 314 2454 suffixis
336 2395 380 2454 ita
399 2411 493 2472 prave
510 2395 666 2472 judicare,
685 2401 720 2456 ut
736 2395 872 2456 allirmet
888 2397 933 2456 eis
945 2396 1027 2456 nihil
1044 2398 1147 2457 inesse
1162 2399 1224 2457 nisi
1240 2422 1253 2451 «
1269 2403 1354 2456 miis-

137 2503 205 2581 sige
222 2500 289 2561 und
312 2500 617 2561 niclrtsbedeutende
635 2503 752 2580 Sylben
766 2525 792 2574 n,
810 2521 948 2579 quorum
964 2505 1016 2562 vix
1031 2505 1108 2576 ulla,
1125 2505 1213 2563 velut
1227 2505 1352 2564 finalem

140 2627 156 2667 ο
183 2609 219 2668 in
245 2607 350 2666 verbis
372 2605 509 2677 Fronto,
525 2614 630 2686 quoto,
655 2612 774 2681 etc...,
790 2627 847 2685 pro
871 2609 1002 2669 fortuito
1027 2610 1224 2669 incremento
1244 2610 1354 2670 haberi

144 2716 226 2784 vult,
243 2712 327 2790 quod
343 2718 465 2772 vetares
480 2714 628 2772 Germani
643 2731 680 2773 eo
694 2719 817 2773 tantum
836 2715 944 2773 animo
967 2716 1154 2791 receperint,
1173 2720 1208 2775 ut
1225 2717 1355 2774 suavius

142 2828 174 2882 et
200 2820 328 2880 dulcius
352 2824 500 2878 sonarent
528 2821 694 2880 vocabula.
725 2821 794 2892 Qua
828 2826 936 2882 autem
964 2823 1088 2881 ratione
1116 2822 1163 2881 illi
1194 2821 1357 2899 augendae

142 2927 325 3005 euphoniae
354 2943 464 2986 curam
491 2928 656 3003 gesserint,
686 2927 770 2986 haud
799 2928 837 2986 ab
869 2946 901 2987 re
928 2928 1062 2988 lorsilan
1089 2929 1186 2988 luerit
1215 2929 1356 2988 intueri:

142 3062 156 3092 a
174 3039 241 3096 Vor
270 3034 342 3094 dem
366 3034 430 3093 Xll.
461 3033 689 3104 Jahrhuudort,
721 3034 760 3093 da
789 3034 838 3093 die
867 3035 1008 3111 Koerper,
1038 3034 1169 3112 lolglich
1199 3036 1280 3094 auch
1308 3035 1358 3094 dia

143 3140 456 3220 Sprachwerkzeuge
469 3140 553 3200 noch
567 3141 640 3200 sehr
652 3142 729 3219 grob
745 3141 812 3200 und
828 3142 1069 3219 ungeschlacht,
1090 3142 1155 3202 und
1172 3142 1223 3202 die
1240 3145 1359 3203 Kennt-

142 3253 231 3311 nisse
245 3248 331 3308 noch
348 3248 421 3307 sehr
441 3247 628 3326 ungabildet
649 3266 768 3318 waren,
786 3248 912 3307 wandte
937 3266 1010 3307 man
1038 3249 1141 3308 dieses
1166 3250 1264 3308 Mittel
1287 3251 1360 3328 bey-

143 3359 229 3418 nahe
247 3356 331 3416 ohne
347 3354 432 3414 allen
451 3354 659 3414 Unterschied
681 3372 732 3425 an,
760 3353 827 3413 und
853 3355 1060 3432 verlaengerte
1083 3354 1172 3431 Jedes
1196 3357 1297 3427 Wort,
1327 3374 1360 3414 es

147 3464 277 3525 rnechte
299 3463 351 3522 ein
370 3461 582 3520 Wurzelwort
605 3460 681 3520 oder
704 3460 907 3536 abgeleitetes
932 3478 1021 3538 seyn,
1052 3460 1151 3520 durch
1180 3461 1274 3520 einen
1299 3464 1361 3522 Vo-

145 3573 218 3633 cal»
235 3572 291 3645 (ὃ).
309 3569 443 3627 Tantam
458 3567 616 3639 omnium,
634 3567 751 3644 quibus
764 3567 923 3626 vocabula
947 3567 1127 3626 formantur
1148 3571 1179 3626 et
1192 3568 1362 3628 inflectun-

146 3683 211 3749 tur,
236 3676 341 3752 legum
366 3673 569 3732 inscientiam
594 3671 847 3749 deprehendenti
874 3672 999 3732 facilius
1025 3691 1100 3733 sane
1126 3673 1185 3731 erit
1208 3672 1361 3734 Morholio

148 3785 326 3862 ignoscere,
344 3779 381 3851 si,
397 3778 552 3855 temporis
576 3795 680 3838 errore
707 3778 778 3856 ipse
800 3778 962 3856 deceptus,
977 3779 1085 3838 minus
1103 3784 1223 3838 rectam
1248 3779 1286 3839 de
1305 3783 1364 3840 ter-

150 3885 369 3950 minationum
385 3884 509 3961 origine
532 3885 726 3944 sententiam
742 3885 862 3958 tulerit,
883 3885 932 3944 vel
952 3885 1059 3962 potius
1075 3889 1203 3945 secutus
1218 3886 1324 3946 luerit.

190 3991 368 4056 Fatendum
391 3994 437 4050 est
453 3990 539 4050 enim
553 4008 640 4065 eum,
653 3991 740 4051 haud
757 4009 848 4053 secus
867 4009 904 4052 ac
919 3991 1142 4066 Schottelium,
1163 3994 1226 4053 Ten
1237 3994 1365 4054 Katium

189 4275 225 4340 (1)
244 4279 368 4336 Raumer,
385 4279 425 4325 l't.

187 4377 226 4434 (2)
243 4374 347 4433 Lazius,
362 4373 398 4420 De
411 4371 526 4436 gentium
537 4369 636 4434 aliquot
650 4365 857 4432 migrationibus,
873 4371 905 4416 72
919 4367 948 4416 Α.

188 4467 230 4536 (3)
334 4493 364 4503 -
520 4490 550 4502 -
706 4489 735 4500 -
841 4465 873 4513 72
889 4464 915 4510 Β.

195 4567 231 4628 (1)
248 4563 299 4632 dp·
314 4563 437 4620 Raumer,
453 4562 510 4609 116.

189 4657 224 4727 (5)
247 4657 369 4726 linguam
383 4656 428 4723 sair
438 4653 479 4708 die
492 4652 609 4704 deutsche
622 4651 744 4720 Sprcclae,
758 4654 778 4712 l,
793 4653 806 4700 3
820 4650 917 4715 (1782,
932 4665 958 4720 p.
975 4654 1007 4705 22
1026 4665 1097 4724 sqq„
1114 4664 1157 4723 dp.
1173 4653 1295 4710 imminet,
1310 4650 1368 4704 239.
