3462 5452
761 633 926 677 —x—

238 774 520 847 constituendam
560 781 593 844 et
629 773 860 871 etymologias
891 772 1019 843 certius
1051 771 1289 867 explicandas,
1319 771 1374 842 vel
1409 772 1451 843 ad

239 907 401 1003 linguam
419 907 659 1002 germanicam
688 905 899 1002 prudentius
926 903 1189 977 reformandam
1212 912 1245 976 et
1272 904 1307 976 in
1326 904 1453 977 melius

239 1038 530 1127 convertendam,
562 1039 675 1136 ipsius
699 1038 816 1110 labore
846 1045 879 1109 et
899 1036 1125 1132 indagatione
1143 1061 1266 1108 revera
1288 1037 1333 1108 sit
1348 1037 1452 1108 ettec-

238 1180 325 1243 tum.
349 1172 421 1242 Has
445 1171 538 1242 enim
555 1171 782 1268 quaestiones
802 1171 926 1242 acriter
949 1169 1113 1266 quamvis
1132 1178 1165 1240 et
1186 1169 1343 1240 studiose
1364 1173 1453 1240 trac-

239 1310 370 1374 tantem
391 1302 605 1374 Leihnitium
623 1302 720 1373 nullo
739 1309 839 1399 pacto
865 1309 980 1373 tamen
1000 1300 1169 1372 audacem
1188 1299 1288 1371 illum
1306 1306 1340 1371 et
1351 1299 1453 1396 quasi

239 1433 359 1506 divino
372 1434 497 1530 spiritu
510 1433 714 1506 instinctum
732 1459 850 1506 rerum
866 1457 1036 1505 novarum
1052 1433 1269 1504 inventorem
1289 1440 1321 1503 et
1336 1431 1454 1527 dispo-

241 1567 384 1638 sitorem
408 1566 518 1637 fuisse
534 1567 764 1663 reperiemus,
784 1591 889 1662 quem
909 1569 986 1662 ejus
1008 1572 1243 1636 assentatores
1261 1565 1329 1636 sibi
1347 1565 1455 1635 finxe-

242 1705 324 1771 runt
352 1706 412 1770 aut
438 1699 561 1770 saitem
582 1700 659 1771 aliis
687 1701 878 1796 depingere
904 1722 974 1770 non
995 1698 1256 1770 dubitaverunt.

290 1832 451 1926 Namque
471 1831 603 1918 omnia,
629 1855 720 1927 quae
739 1831 781 1902 de
808 1830 862 1900 his
885 1830 991 1901 rebus
1018 1829 1164 1924 carptim
1184 1838 1217 1900 et
1244 1830 1355 1902 obiter
1375 1855 1455 1926 pro-

243 1962 336 2050 tulit,
372 1971 593 2058 argumenta,
624 1989 662 2034 ea
697 1965 832 2035 dudum
861 1961 962 2032 multi
989 1961 1084 2032 illius
1109 1962 1239 2033 saeculi
1271 1963 1363 2034 docti
1390 1963 1455 2034 viri

242 2094 320 2164 fuse
352 2094 619 2167 enuntiaverant
643 2104 675 2166 et
703 2096 736 2166 in
770 2095 940 2191 aptiorem
970 2095 1288 2192 connexioremque
1309 2097 1454 2168 modum

241 2233 551 2321 pertractaverant,
580 2253 687 2325 quam
718 2229 924 2300 Leihnitius.
959 2229 1033 2298 Hoc
1069 2252 1152 2300 sane
1186 2228 1221 2298 in
1250 2232 1327 2326 ejus
1352 2229 1456 2302 laude

242 2384 372 2458 ponere
386 2361 498 2450 decet,
513 2363 608 2458 quod
623 2362 791 2459 pleraque
807 2361 1085 2458 exquisitissimo
1101 2362 1161 2433 iilo
1177 2363 1317 2434 dicendi
1328 2388 1457 2458 genere

242 2495 393 2583 ornavit,
423 2485 494 2592 quo
514 2521 595 2567 eum
611 2497 840 2592 conspicuum
857 2496 968 2566 suisse
984 2503 1145 2584 constat,
1173 2498 1235 2569 sed
1257 2497 1299 2584 si,
1321 2506 1455 2570 remota

242 2627 411 2699 orationis
432 2627 544 2698 nitida
559 2628 685 2715 forma,
702 2652 758 2698 res
777 2627 872 2722 ipsas
884 2627 1014 2722 potius,
1030 2634 1067 2698 ut
1081 2652 1143 2724 par
1158 2634 1224 2716 est,
1243 2627 1454 2724 respexeris

243 2759 416 2830 concedas
437 2782 581 2830 necesse
600 2767 665 2846 est,
691 2767 833 2830 cunctas
853 2760 953 2831 abeo
974 2759 1096 2831 leviter
1118 2768 1151 2831 et
1173 2761 1303 2831 cursim
1321 2769 1455 2833 tantum

245 2898 405 2979 attactae,
440 2889 570 2962 multas
595 2899 725 2962 temere
752 2901 785 2963 et
816 2890 1013 2962 inconsulto
1041 2892 1235 2988 expeditas,
1268 2894 1457 2966 nonnullas

242 3025 298 3097 vel
325 3024 525 3097 dubitanter
552 3024 585 3095 in
617 3026 783 3119 ambiguo
804 3024 943 3096 relictas
970 3025 1024 3095 vel
1058 3051 1164 3122 prave
1189 3037 1335 3122 negatas
1363 3053 1454 3116 esse,

248 3183 328 3231 cum
358 3183 417 3230 eas
447 3158 586 3254 jamdiu
624 3158 823 3255 superiores
856 3160 957 3230 multi
989 3160 1176 3254 diligenter
1203 3161 1453 3250 excussisseut,

246 3291 466 3365 considerate
493 3291 789 3388 explanavisseut,
821 3301 913 3365 certo
939 3319 978 3365 ac
1003 3294 1148 3365 firmiter
1178 3294 1453 3366 constituissent.

295 3425 421 3497 Merito
450 3424 557 3521 igitur
589 3425 860 3499 Schmarsovius
890 3428 1026 3499 monuit
1057 3428 1124 3525 (t),
1147 3437 1232 3526 quot
1262 3437 1295 3501 et
1326 3435 1458 3526 quanta
1542 3467 1546 3484 ·

250 3556 424 3629 Leihnitio
454 3582 493 3628 ao
520 3556 710 3629 Schottelio
743 3560 944 3630 communia
973 3567 1103 3648 essent,
1134 3586 1350 3658 quamquam
1377 3586 1457 3632 eum

240 3698 278 3762 ut
306 3691 611 3787 intemperantius,
632 3691 681 3762 ita
698 3716 767 3763 non
787 3691 873 3763 satis
887 3693 1098 3788 generaliter
1109 3695 1326 3790 judicavisse
1347 3703 1454 3792 patet.

291 3824 452 3895 Primum
479 3823 573 3896 enim
596 3850 636 3897 eo
663 3825 807 3897 tendere
833 3827 972 3897 videtur
1002 3851 1142 3898 summa
1172 3831 1248 3926 ejus
1268 3853 1458 3924 argumen-

245 3957 401 4047 tationis
422 3966 459 4029 ut
477 3958 578 4054 quasi
597 3967 707 4030 totum
725 3959 950 4048 Leihnitium,
976 3961 1011 4031 in
1040 3961 1083 4031 iis
1108 3985 1199 4057 quae
1217 3961 1261 4033 ad
1281 3986 1458 4034 commen-

244 4089 401 4163 dandum
429 4095 462 4162 et
487 4090 758 4162 restaurandum
782 4092 1023 4187 germanicum
1051 4117 1250 4164 sermonem
1269 4095 1456 4190 pertinent,

274 4473 310 4536 (t)
328 4472 432 4523 Leibniz
447 4473 501 4523 und
509 4472 673 4523 Setotteltur.
686 4474 731 4523 Die
742 4475 978 4539 Unvoryreifltcten
988 4475 1125 4525 Gedonken
1136 4476 1285 4527 untersuctt
1296 4477 1350 4526 und
1357 4477 1460 4529 herous-

241 4575 349 4644 qeqeben
362 4573 540 4641 (strassburg,
565 4575 695 4638 richuer,
718 4579 792 4639 1877,
806 4579 896 4640 in-80).
