3462 5452
869 1010 1019 1088 CAPUT
1047 1013 1089 1088 V.

447 1283 490 1332 DE
516 1284 753 1338 INFERIORIBUS
780 1286 983 1338 GERMANlClS
1009 1287 1179 1339 DlALECTlS
1204 1289 1283 1353 QUID
1310 1289 1502 1342 MORHOFIUS

888 1439 1057 1495 SENSERIT·

413 1981 585 2044 Morhofius
596 1984 739 2062 proiecto
753 1983 880 2047 ordinat
890 1984 982 2064 juxta
996 1983 1081 2045 banc
1093 1982 1233 2062 primam
1242 1983 1390 2063 speciem,
1409 1982 1459 2045 vel
1475 1983 1576 2064 potius

372 2087 431 2150 has
446 2089 525 2150 duas
543 2108 729 2153 sermonum
747 2093 880 2171 species,
896 2109 962 2152 non
977 2091 1263 2170 anglosaxonicum
1287 2092 1405 2165 solum,
1422 2091 1478 2152 sed
1490 2089 1578 2170 quid-

373 2196 452 2275 quid
465 2195 504 2257 ad
519 2197 703 2258 inferiorem
716 2199 933 2276 germanicam
948 2199 1079 2276 stirpem
1095 2198 1265 2271 attinet,ex
1275 2215 1338 2276 qua
1349 2197 1577 2259 nonimmerito

374 2309 465 2382 putat
478 2304 762 2382 anglosaxonicum
777 2309 887 2382 postea
903 2304 1082 2366 derivatum
1097 2322 1175 2364 esse.
1193 2305 1232 2364 At
1245 2304 1317 2365 ideo
1333 2305 1412 2366 haec
1427 2305 1471 2365 ibi
1485 2304 1578 2366 collo-

376 2415 438 2484 cat,
453 2411 626 2472 hodiernae
641 2411 824 2492 linguarum
851 2411 1015 2473 doctrinae
1040 2402 1232 2490 congruens,
1249 2411 1335 2490 quod
1364 2415 1448 2472 recte
1476 2413 1580 2472 censet

378 2518 500 2591 eadem,
517 2520 655 2580 naturali
671 2518 810 2597 quadam
823 2519 1047 2592 commissura,
1062 2518 1166 2579 media
1181 2517 1272 2596 quasi
1284 2518 1335 2577 via
1349 2518 1433 2579 inter
1444 2518 1579 2596 goticam

378 2626 682 2704 scandinavicasque
694 2627 821 2704 linguas
834 2643 873 2686 ex
886 2626 985 2686 altera
996 2630 1097 2704 parte,
1106 2643 1144 2686 ex
1159 2626 1258 2685 altera
1268 2629 1377 2686 autem
1391 2630 1480 2703 parte
1494 2641 1580 2703 supe

377 2736 476 2796 riores
490 2736 687 2812 germanicas
703 2733 855 2794 dialectos
871 2734 979 2794 locum
995 2733 1148 2793 obtinere.
1172 2734 1236 2792 Nec
1258 2749 1334 2792 eum
1363 2732 1446 2811 iugit
1466 2733 1579 2792 artiore

376 2843 506 2902 vinculo
522 2844 674 2919 cognatos
689 2858 757 2901 esse
773 2841 856 2900 inter
869 2857 901 2900 se
917 2845 947 2900 et
962 2839 1128 2900 inferiores
1144 2842 1175 2900 et
1190 2840 1370 2917 superiores
1385 2841 1581 2918 germanicos

378 2965 551 3020 sermones,
568 2947 714 3024 quamvis
730 2946 895 3006 dissimilis
912 2947 953 3006 sit
968 2945 1053 3023 apud
1068 2950 1221 3023 utrosque
1250 2949 1281 3005 et
1296 2945 1472 3006 multorum
1493 2962 1582 3005 voca-

377 3055 529 3114 bulorum
557 3053 725 3131 adspectus
747 3058 778 3113 et
800 3053 971 3131 praecipue
1000 3053 1248 3113 consonantium
1272 3052 1412 3112 habitus.
1444 3055 1583 3129 Namque

377 3159 462 3220 baud
477 3177 510 3219 se
527 3159 660 3231 confert,
668 3163 703 3219 ut
718 3159 905 3233 Leibnitius,
918 3159 957 3218 ad
970 3177 1006 3219 ea
1022 3176 1103 3236 quae
1117 3158 1303 3218 communia
1316 3158 1398 3218 inter
1413 3158 1584 3231 se,incerta

377 3265 600 3337 similitudine,
616 3264 742 3326 dialecti
762 3265 942 3337 exhibeant,
957 3269 1012 3324 aut
1034 3264 1149 3324 dubiae
1173 3267 1355 3324 memorent
1369 3264 1521 3324 historiae
1548 3261 1584 3324 dc

376 3373 545 3433 bominum
555 3371 812 3449 migrationibus.
831 3369 891 3430 Sed
907 3371 1104 3448 argumentis
1120 3369 1281 3430 doctrinae
1297 3368 1357 3428 dde
1373 3369 1584 3446 comprobatis

329 3513 332 3520 =
377 3480 501 3551 nititur,
522 3496 603 3556 quae
618 3477 773 3538 hodierna
787 3494 916 3555 quoque
931 3478 1114 3554 linguarum
1143 3476 1223 3535 ratio
1247 3474 1286 3534 ad
1311 3473 1505 3536 ordinandas
1521 3474 1586 3536 dia-

376 3588 475 3647 lectos
487 3586 568 3646 solet
578 3584 739 3656 adbibere,
756 3584 877 3643 scilicet
891 3607 905 3638 a
916 3583 1015 3643 altera
1026 3600 1123 3660 quam
1138 3580 1249 3641 dicunt
1259 3579 1558 3662 Loutoerscltiedoaq
1571 3604 1584 3634 »

382 3692 480 3772 (quod
509 3692 607 3752 latine
629 3715 643 3745 «
669 3691 801 3751 alteram
828 3690 1076 3750 consonantium
1106 3688 1403 3748 substitutionem»
1427 3688 1587 3765 appellare

381 3799 477 3876 licet).

419 3908 456 3966 Et
468 3906 584 3983 prioris
598 3905 694 3964 etiam
722 3927 737 3959 «
749 3900 1059 3982 Lautoerscbiebouq,
1076 3925 1090 3956 o
1113 3903 1162 3964 vel
1189 3902 1404 3963 Grimmianae
1424 3902 1505 3982 legis
1519 3904 1586 3980 jam

383 4012 604 4072 observaverat
626 4009 797 4087 praecipua
810 4012 986 4080 momenta,
1003 4012 1039 4068 ut
1053 4009 1217 4086 apparebit
1242 4025 1316 4069 oum
1331 4007 1369 4068 de
1394 4008 1590 4086 etymologia

382 4121 503 4196 agetur.
520 4115 625 4175 Altera
640 4120 744 4174 autem
762 4115 790 4174 ei
804 4119 888 4175 recle
902 4112 1029 4174 videtur
1041 4133 1079 4174 ex
1093 4114 1205 4175 eadem
1220 4115 1427 4175 inclinatione
1437 4114 1587 4192 pendere,

382 4241 445 4301 qua
458 4224 525 4301 jam
539 4221 822 4299 antealinguarum
837 4221 1094 4300 germanicarum
1105 4221 1260 4281 vocabula
1269 4222 1410 4299 primum
1421 4220 1589 4282 immutata

384 4334 474 4391 erant
485 4331 539 4406 (1).
553 4329 673 4406 ltaque,
690 4345 746 4388 cur
757 4326 905 4388 dilierant
920 4328 1001 4388 inter
1014 4346 1046 4389 se
1059 4327 1224 4389 inferiores
1236 4333 1266 4390 et
1276 4329 1456 4407 superiores
1471 4346 1592 4407 germa-

385 4505 738 4519 *Ἥ

420 4621 455 4688 (l)
474 4625 545 4686 Uet,
560 4623 616 4674 loo.
