3462 5452
683 1021 1110 1147 PRAEFATIO

334 1631 504 1720 Quamvis
527 1655 658 1726 magna
687 1629 892 1701 auctoritate
924 1627 1016 1722 apud
1047 1627 1254 1716 Germanos,
1277 1627 1373 1698 haud
1392 1650 1494 1697 secus

285 1775 389 1862 atque
409 1773 542 1836 ceteros
573 1765 733 1859 Europae
751 1761 915 1858 populos,
939 1760 1158 1832 Leibnitiana
1190 1759 1417 1855 philosophia
1452 1757 1495 1829 ab

286 1899 427 1970 ineunte
462 1897 598 1969 XVlll⁰
638 1896 778 1968 saeculo
816 1893 1015 1982 invaluerit,
1036 1893 1152 1990 ipsum
1189 1902 1306 1964 tamen
1341 1893 1498 1988 philoso-

285 2032 394 2127 phum
422 2029 477 2101 sui
500 2029 595 2101 cives
614 2030 724 2101 multo
752 2028 887 2099 minore
913 2025 1027 2122 gratia
1049 2025 1174 2122 longos
1203 2052 1265 2122 per
1284 2049 1394 2097 annos
1417 2049 1498 2120 pro-

286 2163 395 2234 secuti
414 2171 506 2233 sunt.

335 2298 537 2368 Humanum
562 2295 653 2365 enim
674 2302 707 2366 et
724 2293 891 2365 callidum
909 2293 1038 2384 virum,
1060 2295 1119 2365 diu
1143 2320 1182 2364 ac
1204 2317 1308 2388 saepe
1341 2290 1499 2388 peregri-

285 2435 419 2516 natum,
445 2452 524 2498 curn
542 2427 787 2523 potentissimo
803 2452 946 2523 quoque
966 2428 1001 2498 in
1020 2428 1186 2501 omnihus
1205 2425 1357 2498 externis
1382 2424 1499 2519 regio-

259 2605 262 2622 ι
283 2561 388 2632 nibus
404 2560 459 2632 vel
481 2559 655 2632 amicitiae
671 2559 933 2631 necessitudine
955 2561 1008 2631 vel
1038 2561 1267 2656 epistolarum
1287 2558 1497 2630 commercio

286 2698 525 2792 conjunctum,
547 2693 581 2764 in
614 2693 761 2767 consilia
778 2701 976 2767 exterorum
995 2720 1118 2790 regum
1139 2705 1172 2767 et
1191 2694 1390 2791 principum
1409 2718 1497 2764 non-

284 2853 467 2925 nunquam
500 2827 707 2899 arcessitum
736 2835 770 2899 et
798 2828 831 2897 in
852 2829 989 2900 areanis
1027 2830 1071 2901 ad
1092 2853 1166 2900 rem
1190 2827 1368 2925 politicam
1389 2825 1498 2922 perti-

283 2961 448 3033 nentibus
466 2967 659 3049 versatum,
676 2967 858 3056 tamquam
888 2962 1022 3058 patriae
1058 2961 1275 3058 proditorem
1293 2967 1497 3056 suspectum

284 3094 459 3202 habebant
483 3118 490 3178 ;
510 3092 598 3164 nihil
631 3093 788 3190 insuper,
817 3093 883 3165 nisi
912 3096 1008 3191 quod
1032 3102 1125 3166 esset
1142 3095 1247 3166 latine
1272 3100 1332 3164 aut
1361 3094 1498 3166 franco-

283 3228 408 3324 gallice
439 3227 690 3322 conscriptum,
707 3227 742 3298 in
779 3227 908 3323 vulgus
942 3229 1159 3300 emittentem
1191 3228 1295 3324 patrii
1324 3227 1497 3298 sermonis

285 3360 498 3432 desertorem
525 3366 558 3430 et
583 3365 859 3455 contemptorem
884 3361 1090 3456 arguebant.
1126 3362 1228 3432 Hunc
1254 3360 1361 3454 igitur
1388 3360 1497 3456 Klop-

284 3491 419 3564 stolrius
449 3491 570 3588 procul
609 3516 628 3562 a
662 3515 727 3564 sua
751 3494 999 3565 Litteratorum
1032 3493 1228 3589 Republica
1258 3493 1443 3565 amovebat
1464 3501 1497 3566 et

284 3611 630 3697 Schleiermaclierus
675 3625 818 3697 fastidio
856 3625 1020 3714 habebat,
1054 3627 1219 3722 opinatus
1255 3625 1371 3697 virum
1399 3627 1496 3698 nullo

283 3765 384 3853 pacto
403 3781 484 3828 eum
504 3757 629 3846 luisse,
655 3759 717 3854 qui
740 3758 941 3854 germanice
960 3758 1203 3855 philosophari
1220 3767 1351 3855 posset.

332 3891 444 3979 Quam
467 3898 504 3961 ut
527 3915 686 3964 severam
704 3891 753 3964 ita
778 3892 938 3988 iniquam
954 3893 1156 3988 opinionem
1177 3901 1360 3964 mutavere
1379 3894 1496 3966 subito

284 4050 305 4096 a
327 4023 547 4096 Guhrauerio
565 4025 659 4096 edita
677 4025 841 4097 Leibnitii
863 4026 1072 4099 Germanica
1092 4028 1208 4122 Opera
1225 4034 1257 4097 et
1276 4028 1495 4123 conscriptus

283 4158 326 4228 de
347 4159 424 4253 ejus
441 4156 512 4228 vita
528 4156 616 4229 liber
634 4158 701 4256 (l).

316 4477 352 4539 (l)
370 4474 508 4526 Leibnitz’s
531 4477 654 4528 Deutsche
675 4477 808 4542 Schriften
829 4478 1034 4544 lieruuapepeben
1059 4495 1106 4529 non
1128 4479 1158 4530 G.
1184 4482 1216 4530 Il.
1237 4482 1382 4546 Gutrcuer,
1398 4483 1494 4546 Berlin,

284 4581 351 4641 veit,
368 4583 521 4643 laos-1840,
544 4585 558 4632 8
575 4583 627 4634 vol.
649 4585 721 4633 in-80
740 4587 767 4634 cl
780 4583 915 4646 Gottsried
936 4583 1057 4634 Wrtlezm
1075 4584 1195 4635 Freilrerr
1212 4602 1260 4636 von
1286 4585 1409 4642 leibnitz.
1430 4587 1496 4642 Eine

284 4683 449 4758 Baoqrcpkie.
467 4685 517 4736 Von
535 4687 565 4736 G.
577 4688 610 4739 Ε.
624 4686 769 4750 Gutrauer,
780 4686 898 4748 Brcslau,
914 4688 980 4750 Birt,
996 4690 1071 4750 1846,
1086 4691 1101 4745 2
1117 4689 1158 4742 vol
1174 4691 1260 4747 iri-16.
