3446 5452
891 609 894 617 ‘
941 613 989 694 96
1018 656 1061 672 -·-

352 771 459 832 menta
472 765 598 832 assidue
614 770 773 843 scrutatis,
800 769 969 832 innumera
984 770 1178 831 documenta
1207 767 1271 830 sint
1292 771 1452 850 congesta,
1475 783 1550 848 quae

350 877 467 937 rectius
489 876 619 937 demum
645 879 789 949 tractata,
806 876 939 937 meliore
966 875 1110 936 doctrina
1134 876 1327 937 instructum
1362 877 1474 956 J'uvara
1502 891 1557 934 nec

348 983 438 1062 parvi
455 983 606 1044 momenti
622 982 662 1042 ad
687 982 938 1061 promovendam
957 999 1025 1043 ram
1049 983 1297 1062 etymologicam
1324 999 1393 1043 essa
1423 981 1552 1060 possint.

350 1089 552 1162 Quinetiam,
570 1106 634 1167 qua
657 1089 708 1149 isti
723 1089 927 1166 peccaverint
950 1089 1057 1166 palam
1084 1089 1199 1162 facere,
1216 1090 1349 1150 minime
1375 1104 1557 1168 supervaca-

350 1213 447 1257 neum
464 1195 571 1269 babet,
595 1212 669 1256 eum
682 1213 720 1256 ex
740 1194 808 1273 ipso
836 1213 992 1269 errorum,
1019 1196 1137 1274 quibus
1161 1197 1387 1269 laboraverint,
1404 1196 1555 1274 exemplo,

351 1320 414 1380 qua
428 1307 514 1370 recta
528 1303 579 1362 via
590 1302 631 1362 sit
645 1301 871 1376 incedendum,
887 1302 1090 1363 manifestius
1105 1303 1353 1365 demonstretur.

391 1410 442 1470 Sic
452 1392 635 1470 F⁸ranciscil
641 1409 708 1472 unii
723 1405 912 1471 Glossarium
930 1405 1090 1469 Gothicum
1101 1410 1190 1470 omni
1206 1409 1301 1470 lauda
1312 1410 1552 1472 cumulateum·

350 1532 412 1593 que
426 1514 651 1576 tantummodo
680 1513 718 1574 de
732 1531 769 1575 eo
785 1513 1000 1592 reprehendit,
1025 1513 1111 1592 quod
1127 1516 1328 1594 germanicae
1343 1516 1470 1594 linguae
1488 1515 1556 1593 jura

350 1625 461 1682 contra
476 1637 625 1700 graecam
640 1625 670 1680 et
697 1620 830 1680 latinam
846 1637 911 1681 non
941 1621 1016 1681 satis
1033 1622 1158 1682 sortiter
1179 1621 1402 1696 vindicaverit,
1428 1637 1555 1699 seseque

350 1727 533 1805 proniorem
544 1727 726 1805 praebuerit
741 1726 780 1788 ad
795 1728 994 1806 germanicas
1008 1745 1101 1789 voces
1117 1746 1156 1789 ex
1170 1747 1283 1808 graeco
1299 1730 1349 1789 vel
1365 1729 1465 1790 latino
1476 1729 1556 1788 tonte

352 1832 542 1894 derivandos
556 1850 616 1894 neo
629 1833 885 1910 germanicarum
901 1834 1045 1894 radicum
1057 1835 1255 1912 primitivam
1266 1840 1412 1896 naturam
1430 1839 1460 1896 et
1470 1833 1555 1895 indo-

350 1941 414 2001 lem
427 1956 608 2018 proearum
625 1940 782 2000 meritoin
798 1940 901 2001 lucam
929 1941 1098 2018 protulerit
1114 1940 1168 2021 (l).
1195 1943 1275 2003 ltem
1299 1943 1463 2004 Heniscbii
1492 1939 1558 2000 Tle-

349 2066 476 2108 saerum
500 2046 640 2129 Linquor
658 2053 686 2108 ei
701 2044 883 2128 Sapientiae
905 2044 1105 2108 Germanicae
1123 2050 1172 2109 vel
1198 2053 1350 2111 truncum
1374 2067 1392 2110 a
1414 2049 1557 2110 defuncto

350 2159 480 2216 auctore
494 2154 653 2227 relictum,
670 2154 774 2214 verbis
789 2154 923 2228 extollit,
934 2171 1104 2234 raramque
1120 2156 1159 2216 ab
1173 2173 1212 2217 ao
1226 2160 1454 2235 congestorum
1463 2153 1559 2216 etdis-

350 2263 449 2322 tincto
465 2261 576 2323 ordine
591 2261 821 2340 dispositorum
831 2260 1097 2323 documentorum
1112 2263 1237 2342 copiam
1253 2263 1390 2325 libenter
1401 2263 1556 2342 praedicat

349 2367 604 2446 necquidquam
620 2368 653 2428 in
669 2385 706 2427 eo
723 2366 903 2428 desiderare
919 2385 951 2428 se
967 2368 1097 2442 latetur,
1114 2369 1176 2450 nisi
1192 2368 1278 2447 quod
1305 2374 1427 2430 veteres
1443 2384 1558 2448 germa-

353 2476 443 2536 nicas
462 2491 557 2535 vocas
582 2474 710 2552 parcius
733 2491 836 2552 aequo
864 2475 1020 2552 receperit
1046 2473 1101 2554 (d).
1134 2477 1197 2536 Nec
1225 2476 1333 2536 minus
1359 2476 1496 2555 benigne
1524 2473 1559 2533 de

352 2583 472 2645 lliliani
486 2580 517 2642 E
521 2579 703 2663 tymoloqico
719 2579 902 2641 Teutonicae
916 2579 1067 2662 Linquor,
1082 2582 1168 2660 quod
1186 2605 1200 2638 a
1215 2583 1379 2644 multoties
1397 2599 1552 2652 recusum,

352 2694 489 2769 atquae
518 2689 635 2766 Lipsio,
662 2688 798 2766 aliisque
826 2687 902 2748 viris
928 2687 1061 2748 eruditis
1090 2688 1195 2768 magni
1225 2689 1465 2750 aestimatum»
1493 2703 1555 2750 essa

351 2801 515 2869 memorat,
531 2794 793 2873 indignabundus
809 2799 917 2855 autern
932 2795 1110 2872 queritatur
1124 2819 1138 2852 «
1156 2795 1214 2856 sub
1234 2797 1328 2857 titulo
1342 2791 1560 2856 Killaniducti

350 2903 659 2964 miseretruncatum
684 2919 751 2961 essa
776 2902 832 2978 (3).
850 2901 1016 2963 Sclrottelii
1042 2920 1170 2980 quoque
1201 2900 1284 2984 Opus
1298 2900 1334 2963 da
1355 2901 1479 2983 Linque
1499 2920 1559 2984 qar-

350 3009 471 3070 manica
483 3009 588 3070 debita
604 3009 782 3069 reverentia
798 3012 829 3068 et
847 3009 963 3069 eximia
979 3009 1202 3070 benevolentia
1220 3009 1399 3088 perpendit,
1419 3011 1480 3070 bac
1496 3014 1560 3070 tan·

354 3117 532 3195 tumplane
558 3115 662 3193 sagaci
686 3115 882 3176 correctione
908 3134 997 3189 usus,
1022 3120 1057 3176 ut
1084 3116 1122 3177 da
1141 3117 1211 3195 ejus
1234 3118 1403 3178 verborum
1430 3117 1561 3197 origines

351 3223 543 3301 inquirentis
559 3222 681 3282 ratione
700 3221 831 3290 ornnino
842 3223 991 3283 meritam
1004 3223 1271 3300 improbationem
1288 3225 1482 3302 significaret
1496 3223 1557 3302 (lt).

392 3331 587 3393 Skinnerum
602 3333 724 3401 contra,
743 3329 836 3406 cujus
860 3326 891 3388 E
895 3327 1099 3410 tymoloqicon
1119 3327 1243 3410 linquae
1258 3328 1443 3411 anqlicanae
1457 3335 1556 3410 gratu·

192 3417 195 3424 ⁴
291 3503 293 3510 Α
351 3437 512 3500 labundus
547 3439 712 3509 memorat,
742 3436 824 3496 inter
849 3436 1039 3514 praecipuos
1068 3436 1169 3514 ponit,
1203 3437 1258 3514 qui
1288 3437 1326 3498 da
1351 3437 1558 3516 etymologica

347 3546 485 3607 rectiora
510 3542 666 3622 quaedam
692 3541 820 3603 tandem
845 3542 1067 3620 exposueriut3
1103 3543 1222 3622 quippe
1246 3543 1301 3620 qui
1327 3561 1452 3604 summa
1482 3561 1553 3604 cura

351 3655 468 3716 multas
484 3650 678 3712 britannicas
694 3649 847 3711 dialectos
863 3649 945 3709 inter
961 3665 993 3709 se
1009 3650 1240 3728 comparaverit
1255 3653 1285 3710 et
1299 3667 1369 3710 rara
1392 3649 1555 3712 sedulitate

351 3763 531 3823 litterarum
560 3757 755 3818 mutationes
783 3756 998 3818 observaverit
1028 3774 1065 3818 ac
1092 3757 1185 3818 certis
1215 3757 1408 3837 quibusdam
1437 3745 1555 3839 legibus

351 3867 546 3949 adstringere
564 3869 697 3927 conatus
714 3865 764 3939 sit,
789 3864 821 3924 in
837 3881 873 3926 eo
893 3867 1017 3925 tantum
1033 3881 1137 3926 errore
1157 3869 1311 3942 versatus,
1328 3865 1482 3928 llorhoiio
1497 3865 1556 3926 sal·

848 4095 1553 4116 “ww

384 4263 420 4332 (t)
441 4263 510 4331 dur..
529 4266 569 4330 le,
587 4269 628 4331 aa,
645 4266 693 4321 loe
709 4268 734 4321 et
749 4263 857 4335 passim.

382 4367 417 4428 td)
438 4362 513 4428 told,
528 4361 637 4418 iti-50³
650 4371 658 4430 t
673 4363 706 4418 dl.
721 4356 875 4430 Polyeliteis,
892 4355 920 4416 t.
934 4357 954 4425 l,
972 4353 1027 4415 tib.
1043 4369 1060 4425 t,
1077 4369 1136 4430 adp.
1152 4357 1193 4425 el,
1209 4353 1224 4429 §
1246 4357 1292 4416 tlt
1309 4364 1334 4415 dt
1348 4349 1403 4414 Lib.
1421 4357 1445 4420 tr
1461 4367 1518 4428 dett.
1533 4351 1555 4420 tr

353 4453 417 4623 Ι(81)
435 4546 510 4620 ibid,
526 4550 567 4618 dl,
584 4550 628 4609 tol
639 4562 646 4620 t
658 4546 692 4610 di.
709 4545 864 4623 Polpdtster‘,
877 4547 906 4610 Τ.
927 4548 946 4618 Ι,
965 4543 1021 4608 tib.
1036 4544 1086 4624 ᾖς
1103 4549 1128 4609 t.

383 4657 418 4728 tt)
435 4651 511 4726 rnre,
525 4651 584 4724 tm,
599 4649 657 4724 sal,
672 4657 730 4720 us,
745 4657 792 4710 ms
805 4670 810 4720 ι
825 4643 858 4710 ct
874 4652 1029 4724 eserenon
1044 4646 1072 4708 τ’.
1090 4646 1109 4720 t,
1127 4651 1171 4706 nvn
1199 4644 1223 4720 t,
1240 4658 1299 4724 seps
1314 4645 1337 4718 t.
1353 4639 1367 4722 i
1384 4642 1409 4708 b
