3446 5452
835 635 863 648 ..
907 591 975 670 ((18
1003 631 1046 652 ..-

331 741 514 821 ceterosque
530 741 678 820 ejusdem
697 745 809 808 aetatis
834 743 974 809 eruditos
987 745 1084 822 viros,
1102 761 1248 826 perverse
1268 761 1336 810 esse
1359 745 1544 826 opinatum,

330 851 530 930 germanicae
556 853 684 932 linguae
708 855 814 916 nullas
840 855 931 916 initio
954 855 1053 917 luisse
1075 855 1327 928 terminationes,
1355 873 1408 918 eas
1431 861 1544 918 autem

329 962 449 1037 postea,
464 958 581 1036 partim
597 961 789 1022 Graecorum
806 966 837 1021 et
851 961 1037 1023 Latinorum
1053 961 1283 1024 imitandorum
1298 979 1406 1036 causa,
1422 962 1543 1042 partim

330 1063 483 1127 dulcioris
513 1067 728 1144 assequendae
754 1069 981 1131 consonantiae
1007 1070 1113 1131 studio
1141 1087 1209 1132 asse
1236 1070 1394 1148 paulatim
1420 1069 1543 1132 admis-

331 1190 381 1234 sas
396 1172 448 1251 (1).
463 1173 501 1234 Α(
514 1174 626 1235 saltem
642 1179 773 1237 eatenus
788 1177 954 1238 communi
965 1193 1070 1238 errore
1086 1177 1229 1238 imbutus
1245 1182 1311 1237 est:
1327 1194 1468 1256 namque
1482 1193 1545 1240 nec

331 1279 463 1342 libidine
483 1285 537 1341 aut
561 1298 648 1354 casu,
662 1299 722 1343 nec
740 1283 874 1344 barbara
889 1284 1028 1362 quadam
1049 1285 1152 1363 gentis
1174 1284 1369 1358 conditione,
1396 1286 1545 1364 linguam

331 1405 368 1450 eo
385 1405 519 1468 usquea
544 1389 637 1449 solita
656 1390 888 1451 consuetudine
914 1389 1096 1452 discessisse
1120 1395 1221 1469 putat.
1238 1392 1373 1453 Omnem
1395 1392 1545 1471 linguam

331 1498 441 1556 eontra
462 1495 600 1556 naturali
625 1497 656 1556 et
677 1496 831 1557 continuo
856 1496 994 1559 decursu
1014 1497 1132 1558 inllecti
1153 1502 1251 1570 ratus,
1276 1498 1546 1559 terminationum

331 1620 428 1664 usum
441 1603 532 1663 nullo
548 1603 611 1664 alio
627 1603 762 1665 oonsilio
776 1603 952 1666 admissum
967 1622 1036 1666 esse
1059 1609 1177 1677 censat,
1195 1622 1292 1684 quam
1316 1608 1360 1666 ut'
1375 1623 1460 1666 novo
1481 1607 1545 1666 isto

331 1713 362 1771 et
376 1709 548 1771 artitlcioso
564 1708 661 1771 modo
676 1715 842 1772 notaretur
856 1712 1027 1773 verborum
1043 1711 1213 1784 ordinatio,
1230 1729 1311 1790 quae
1330 1713 1546 1791 praepositio-

330 1833 422 1890 num,
439 1814 663 1878 adverbiorum
676 1822 918 1904 ceterarumque
932 1819 1163 1896 particularum
1183 1819 1302 1879 auxilio
1316 1823 1411 1879 antea
1425 1819 1548 1898 signifi-

332 1925 397 1986 cari
414 1929 497 1985 esset
511 1925 605 1986 solita
626 1924 682 2005 (1).
702 1926 977 1987 Terminationum
999 1925 1097 2004 igitur
1122 1925 1207 1985 hanc
1229 1925 1449 1988 definitionem
1471 1943 1548 2004 pro-

330 2032 433 2111 ponit,
449 2032 501 2092 cui
516 2032 565 2093 vel
579 2032 798 2094 recentissima
814 2032 958 2093 doctrina
973 2032 1118 2093 assentiri
1134 2035 1238 2110 potest
1256 2051 1262 2092 :
1277 2055 1292 2088 «
1310 2033 1400 2094 Denn
1415 2033 1460 2093 sie
1475 2033 1547 2094 sein

331 2137 508 2216 gleichsam
528 2137 578 2199 die
597 2137 811 2212 characteres,
829 2138 971 2200 dadurch
991 2137 1042 2199 die
1063 2137 1316 2200 Beschallenheit
1334 2138 1391 2199 der
1404 2140 1547 2200 Woerter

332 2245 563 2325 ausgedriioket
585 2245 664 2307 wird
690 2269 704 2301 »
729 2246 783 2324 (3).
806 2246 895 2308 Unde
916 2247 982 2325 jam
1005 2245 1172 2324 agnoveris
1199 2263 1274 2306 eum
1295 2245 1334 2306 de
1360 2250 1547 2323 temporum

331 2353 455 2415 ratione
465 2357 589 2415 tantum
605 2353 686 2414 lalsc
699 2352 893 2432 Judicavisse
907 2358 937 2414 et
952 2353 1012 2413 sibi
1027 2352 1172 2414 ordinem
1183 2356 1387 2432 praepostere
1402 2355 1546 2430 linxisse,

334 2479 398 2540 quo
413 2461 541 2540 linguae
557 2477 644 2521 nunc
656 2460 910 2533 terminationes,
926 2476 1013 2520 nunc
1026 2463 1129 2521 cetera
1140 2477 1234 2521 voces
1250 2460 1432 2521 ordinantia
1453 2462 1547 2540 signa

334 2570 483 2649 deinceps
497 2569 731 2648 usurpaverint.

371 2677 474 2749 Quam
496 2677 591 2754 plane
610 2679 719 2736 autem
744 2691 853 2735 earum
876 2692 972 2735 usum
1001 2678 1032 2735 et
1060 2674 1256 2752 peculiarem
1273 2673 1545 2752 significationem

333 2782 537 2855 intellexerit,
552 2783 621 2860 ipsa
635 2781 727 2843 docet
742 2782 834 2855 ratio,
851 2799 914 2860 qua
929 2798 1002 2842 suas
1018 2781 1056 2842 (16
1078 2780 1140 2842 hoe
1162 2784 1350 2860 argumento
1367 2783 1544 2843 sententias

333 2888 492 2967 imprimis
507 2888 542 2948 in
561 2905 628 2948 rem
643 2887 924 2966 orthographicam
948 2887 1131 2949 contulerit.
1156 2887 1201 2947 lbi
1221 2887 1309 2947 enim
1332 2887 1433 2946 firmis
1449 2905 1547 2967 argu-

331 2996 448 3058 mentis
474 2995 680 3068 demonstrat,
695 2998 732 3056 ut
751 2994 854 3056 fusius
878 2999 989 3074 postea
1008 2992 1205 3067 ostendetur,
1222 3009 1329 3054 veram
1355 2993 1547 3056 suffixorum

332 3107 482 3164 naturam
510 3101 717 3180 perpendenti
743 3101 819 3162 istas
842 3102 988 3162 absoluta
1010 3100 1224 3179 repudiandas
1251 3117 1320 3161 esse
1337 3099 1435 3178 leges,
1465 3118 1548 3179 quas

335 3210 385 3270 vel
412 3208 450 3269 (16
477 3205 678 3268 informando
702 3224 838 3268 numero
864 3207 980 3285 plurali
1005 3207 1237 3268 vocabulorum
1261 3207 1295 3266 in
1322 3224 1386 3282 -en,
1414 3225 1474 3280 -er,
1500 3205 1549 3267 -el

337 3313 565 3386 desinentium,
579 3314 628 3374 vel
644 3312 682 3375 de
706 3313 903 3375 admittenda
926 3317 982 3375 aut
1004 3313 1178 3392 rejicienda
1202 3313 1236 3373 in
1260 3311 1366 3373 dativo
1389 3313 1547 3393 singulari

334 3423 441 3483 littera
466 3421 553 3482 finali
575 3440 617 3497 -6,
633 3421 682 3482 vel
699 3422 737 3482 de
752 3420 967 3493 informando,
989 3437 1048 3498 ope
1071 3419 1174 3480 sulllxi
1196 3437 1260 3492 -co,
1282 3419 1454 3480 verborum
1478 3420 1551 3480 inii-

335 3531 449 3603 nitiv0,
466 3529 659 3592 Schottelius
674 3529 838 3607 imponere
853 3532 987 3589 conotus
1001 3531 1083 3587 esset
1098 3525 1152 3605 (1).

375 3640 439 3698 Neo
453 3638 561 3697 minus
574 3637 739 3714 sagaciter,
757 3635 795 3696 ad
810 3634 1039 3713 etymologiam
1051 3636 1279 3711 transgressus,
1297 3632 1447 3705 ostendit,
1462 3651 1548 3712 quae

334 3745 378 3805 sit
401 3743 666 3804 terminationum
692 3743 774 3802 ratio
800 3740 957 3812 habenda,
986 3740 1011 3799 si
1040 3740 1159 3800 luerint
1185 3739 1266 3799 inter
1292 3757 1324 3799 se
1352 3739 1549 3802 conierenda

338 3851 537 3911 diversarum
552 3850 737 3927 linguarum
752 3847 1032 3920 vocabulavelut,
1049 3847 1195 3907 instituta
1210 3847 1449 3924 comparatione
1464 3849 1551 3910 inter

346 3958 401 4019 lat.
419 3955 567 4037 lacryma,
587 3974 633 4034 gr.
651 3958 775 4037 δάκρυμα
787 3959 890 4035 (δάκρυ,
906 3955 1041 4035 δάκρυον),
1055 3957 1119 4031 got.
1139 3953 1307 4033 1691,6611.
1325 3950 1418 4033 daipr
1444 3952 1547 4031 (decr,

335 4123 1541 4140 *nm-u*

374 4231 410 4298 (r)
431 4234 500 4295 ont..
517 4235 558 4295 aa,
575 4235 632 4293 rra,
650 4233 708 4293 rao,
723 4234 781 4283 soa.

372 4325 408 4389 (11
425 4327 501 4390 leid..
516 4330 640 4379 toa-ata.

372 4421 406 4491 (a)
425 4421 502 4484 lau..
518 4423 559 4473 aa.

368 4518 404 4588 (1)
424 4520 494 4581 lint,
512 4521 637 4581 111-111,
660 4519 785 4571 111-111.
805 4543 832 4554 -
858 4515 1000 4572 Proclivror
1022 4513 1169 4570 Lclbnitius
1194 4515 1325 4571 errantem
1349 4513 1382 4569 da
1407 4512 1448 4570 his
1468 4513 1550 4570 rebus

345 4613 517 4674 Schottaliun
532 4615 639 4670 secutus
651 4617 700 4670 ast.
