3446 5452
889 645 1102 716 -162-

392 788 516 869 judicio
537 792 752 853 aestimaverit
773 791 1025 870 ostenderitque,
1048 795 1118 852 tum
1142 792 1316 870 maximam
1343 809 1439 870 opem
1463 791 1599 870 locuple-

393 898 507 958 tandae
522 899 665 976 politiori
678 899 807 978 linguae
822 917 841 959 a
854 898 998 959 dialectis
1014 899 1088 958 ferri
1104 903 1135 959 et
1147 897 1221 958 inde
1236 915 1307 958 eam
1322 899 1462 976 reparari
1478 903 1510 958 et
1522 898 1599 958 revi-

393 1007 513 1067 viscere
538 1024 643 1085 posse,
673 1010 742 1067 tum
771 1022 896 1066 summo
926 1004 1119 1084 separandos
1148 1023 1215 1065 esse
1246 1005 1430 1066 discrimine
1462 1005 1599 1065 diversos

392 1131 522 1190 prorsus
542 1113 717 1174 cultiorum
733 1113 876 1173 virorum
891 1116 923 1172 et
942 1112 1044 1189 plebis
1065 1128 1240 1182 sermones,
1257 1116 1289 1171 et
1304 1113 1476 1189 praecipue
1492 1129 1599 1172 caven-

393 1219 481 1293 dum,
499 1238 540 1280 ne
558 1219 781 1297 intempestiva
795 1220 963 1296 utriusque
978 1220 1191 1296 permixtione
1214 1223 1269 1280 aut
1288 1219 1478 1280 confusione
1495 1219 1600 1279 huma-

391 1325 464 1386 nior
478 1325 589 1403 lingua
602 1328 827 1402 corrumpatur
839 1329 870 1386 et
885 1325 1083 1402 inquinetur,
1102 1324 1181 1386 dum
1197 1343 1269 1386 eam
1285 1327 1443 1405 corrigere
1460 1331 1490 1386 et
1505 1327 1599 1386 ditare

392 1431 452 1491 sibi
477 1431 608 1509 qnidam
631 1432 882 1511 proponantll).

431 1539 475 1599 Ea
490 1544 596 1600 autem
620 1539 817 1617 exceptione,
842 1543 879 1598 nt
902 1556 959 1617 par
981 1543 1058 1611 erat,
1088 1540 1183 1611 lacta,
1209 1539 1383 1601 Morhofius
1402 1542 1597 1619 Hugonema

390 1645 553 1725 Trimberg
579 1647 674 1722 plane
698 1647 896 1723 comprobat,
922 1647 972 1705 his
989 1645 1093 1706 verbis
1114 1645 1315 1721 suadentem,
1339 1651 1375 1706 ut
1398 1664 1437 1706 ex
1459 1646 1597 1706 dialectis

390 1753 518 1830 singula
544 1755 712 1813 sumantur
740 1753 908 1822 vocabula,
942 1769 1024 1828 quae
1054 1752 1268 1813 litteratorum
1289 1753 1419 1831 linguae
1444 1757 1517 1830 apta
1539 1753 1596 1811 sint

390 1876 479 1918 visa:

548 1968 623 2028 Wer
644 1984 702 2027 aus
725 1967 829 2028 denen
851 1985 916 2026 was
938 1971 1029 2045 gutes
1051 1967 1163 2039 nimet,

547 2076 607 2135 Das
630 2076 749 2135 wolin
771 2075 893 2134 seinem
916 2073 1021 2134 diehte
1044 2074 1150 2146 zimet,

548 2182 630 2242 Mich
654 2180 775 2243 dunckt
797 2181 852 2242 der
873 2182 954 2242 habe
976 2181 1025 2241 nit
1045 2181 1235 2253 missethan,

548 2288 631 2349 Thut
653 2306 701 2348 ers
723 2289 783 2348 mit
804 2289 931 2360 kunste,
955 2287 1022 2349 und
1043 2289 1091 2348 nit
1113 2288 1214 2348 durch
1236 2288 1331 2348 wahn
1352 2292 1364 2364 (
1386 2292 1407 2364 ).

425 2396 500 2457 lnde
523 2396 631 2474 igilur,
655 2396 747 2456 nullo
769 2395 908 2455 admisso
925 2395 1034 2468 dubie,
1051 2400 1193 2474 apparet,
1209 2395 1286 2473 quid
1302 2397 1460 2475 significet
1473 2398 1593 2458 Morho-

385 2505 457 2575 llus,
473 2520 546 2564 cum
560 2502 599 2563 de
612 2503 797 2580 germanico
813 2519 959 2562 sermone
973 2502 1184 2563 dialectorum
1197 2521 1256 2581 ope
1268 2503 1414 2582 augendo
1427 2505 1589 2582 loquatur,

384 2611 510 2688 singula
522 2627 636 2686 nempe
652 2608 729 2669 hinc
747 2613 777 2668 et
799 2609 891 2668 illinc
902 2609 1011 2686 colligi
1026 2625 1120 2686 posse
1143 2609 1300 2670 vocabula
1315 2609 1498 2684 arbitratur,
1516 2628 1592 2689 quae

383 2733 459 2775 cum
481 2716 623 2775 maximo
646 2715 775 2792 linguae
801 2714 891 2774 lucro
916 2732 955 2774 ex
976 2732 1170 2792 unaquaque
1185 2714 1321 2776 dialecto
1335 2717 1399 2776 sint
1418 2717 1591 2778 mutuanda

383 2827 413 2882 et
428 2824 510 2883 inter
525 2823 657 2882 usitatas
672 2822 817 2881 cultioris
835 2821 965 2900 linguae
987 2821 1145 2882 dictiones
1169 2826 1348 2899 opportune
1371 2823 1568 2885 admittenda
1582 2841 1587 2895 ;

383 2933 414 2988 at
435 2929 481 2988 eis
500 2928 710 3000 arcessendis,
739 2931 774 2988 ut
799 2945 873 2988 mox
899 2928 1002 2987 fusius
1036 2931 1224 3004 exponetur,
1258 2927 1391 2989 modum
1416 2947 1453 2990 ao
1477 2936 1589 2991 melam

380 3035 580 3096 strictissima
595 3035 664 3113 lege
686 3034 833 3112 imponit.

418 3140 569 3212 Quamvis
585 3139 672 3200 enim
686 3157 753 3198 non
780 3140 821 3198 sit
849 3139 1034 3217 negandum
1048 3139 1223 3216 praecipuo
1240 3139 1381 3217 quodam
1397 3141 1504 3203 studio
1520 3160 1589 3204 eum

379 3247 560 3308 vernaculis
577 3245 780 3306 sermonibus
796 3245 902 3305 favere
917 3250 948 3304 ot
963 3243 1056 3305 valde
1070 3244 1206 3305 libenter
1221 3246 1260 3306 ab
1279 3264 1316 3306 eo
1329 3270 1344 3302 «
1362 3265 1453 3308 suam
1469 3272 1483 3303 »
1512 3249 1589 3310 inle-

377 3356 492 3416 ricrem
509 3355 655 3433 linguam
669 3353 854 3413 saxonicam
877 3353 1049 3412 memorari
1072 3351 1127 3431 (3),
1147 3353 1267 3430 ubique
1295 3358 1403 3415 tamen
1419 3356 1480 3415 sibi
1503 3373 1589 3417 cons·

376 3466 446 3521 tans
468 3460 642 3539 praedicat,
652 3461 777 3520 nullam
792 3459 855 3519 nisi
869 3459 1067 3536 superiorem
1078 3460 1307 3536 germanicam,
1320 3477 1434 3538 puram
1451 3466 1483 3523 et
1495 3464 1588 3524 intac-

375 3572 451 3640 tam,
467 3586 485 3626 a
503 3567 604 3628 doctis
624 3567 700 3626 viris
726 3583 794 3626 esse
809 3564 1025 3625 adhibendam
1048 3582 1182 3643 eamque
1198 3583 1255 3642 pro
1270 3567 1366 3628 unica
1379 3569 1525 3647 legitima
1538 3571 1587 3630 lit-

374 3679 516 3733 terarum
531 3674 704 3749 interprete
724 3671 917 3732 habendam.
936 3672 1102 3748 Propriam
1118 3672 1249 3748 quidem
1267 3673 1452 3748 dialectum,
1469 3678 1585 3738 scilicet

373 3781 565 3840 llisnensem
577 3777 845 3856 (l),nequaquam
861 3784 970 3838 tamen
987 3777 1197 3839 dissimulatis
1212 3779 1281 3857 ejus
1295 3781 1433 3854 mendic,
1448 3784 1583 3856 eximiis,

372 3890 408 3945 ut
422 3889 571 3963 parerat,
588 3883 738 3944 laudibus
752 3883 968 3961 prosequitur,
985 3901 1045 3944 nec
1059 3888 1163 3962 potest
1178 3886 1268 3962 quin,
1285 3905 1442 3949 unacum
1458 3891 1585 3952 Micrae-

1337 4099 1585 4110 ———-..-

402 4251 435 4316 (l)
455 4254 522 4313 Quid
532 4254 565 4306 de
575 4254 694 4306 dialectis
708 4257 733 4305 in
745 4256 898 4305 universum
912 4257 1033 4317 senserit,
1047 4257 1104 4320 jam
1117 4272 1198 4323 supra
1210 4258 1266 4310 lusa
1284 4261 1387 4326 lateque
1404 4263 1581 4321 narravimus,

368 4346 405 4396 el.
423 4347 493 4398 Part.
508 4351 527 4410 l,
541 4362 600 4414 cap.
615 4352 640 4411 3,
655 4352 724 4400 Part.
741 4351 772 4410 ll,
789 4362 849 4412 cap.
865 4352 922 4411 5-6,
937 4351 1007 4401 Part.
1023 4353 1067 4411 lll,
1083 4365 1142 4416 cap.
1156 4355 1210 4404 td.

399 4441 435 4507 (2)
456 4442 529 4503 Una,
547 4445 605 4494 iel.

399 4532 435 4602 (3)
454 4533 530 4597 idad,
548 4538 596 4588 llo
612 4536 757 4602 elpassim.

400 4633 432 4694 (l)
450 4626 526 4694 lbra,
544 4630 669 4683 tao-lm.
