3462 5452
685 575 877 652 ...69-

178 727 356 807 postquam
371 725 489 810 agitata
505 723 560 792 diu
580 733 612 792 et
626 729 711 793 varie
731 727 857 810 saepius
873 725 1031 809 dirempta
1046 734 1094 792 est
1109 723 1391 808 controversiam,

179 836 330 898 Morhotii
354 837 477 917 judicio
502 839 721 900 assentiuntur
739 841 798 899 viri
824 838 908 899 docti
932 844 1026 916 atque
1047 839 1230 917 propiorem
1254 837 1393 916 goticam

178 949 314 1007 censent
329 963 398 1006 esse
413 946 645 1008 scandinaviois
659 946 814 1021 dialectis,
824 965 902 1024 quas
918 947 951 1007 in
961 946 1071 1006 eadem
1086 950 1258 1006 numerant
1270 945 1394 1005 familia

176 1053 310 1131 (nempe
335 1053 482 1113 orientali
513 1055 718 1132 germanica),
742 1055 912 1132 segregatis
942 1054 1053 1114 ceteris
1082 1059 1113 1114 et
1140 1054 1173 1113 in
1203 1051 1393 1113 occidentali

180 1160 368 1238 germanica
386 1161 510 1220 familia
523 1162 698 1221 collooatis.

218 1267 308 1340 Quae
324 1283 398 1327 oum
420 1267 464 1327 ita
478 1271 593 1338 essent,
611 1268 767 1329 leibnitio
793 1286 903 1328 rursus
925 1267 976 1327 die
998 1267 1138 1346 quadam
1154 1266 1288 1346 contigit
1309 1270 1392 1327 reote

179 1372 286 1433 dioere
303 1391 310 1433 :
328 1397 342 1428 «
357 1373 594 1434 Incertitudinis
609 1379 640 1434 et
661 1374 880 1452 ambiguitatis
900 1392 997 1435 eausa
1013 1374 1125 1434 malim
1143 1391 1180 1434 ea
1195 1374 1264 1433 sola
1284 1373 1394 1449 appel-

178 1481 239 1542 lari
255 1481 401 1553 Gotbioa,
423 1500 505 1559 quae
526 1499 564 1540 ex
591 1479 701 1542 Codice
718 1480 867 1560 Arpenteo
890 1487 1079 1553 sumuntur;
1104 1481 1183 1541 haee
1206 1481 1292 1540 enim
1318 1479 1394 1539 talia

178 1605 248 1648 esse
262 1587 480 1649 indubitatum
495 1593 556 1661 est;
575 1588 638 1649 alia
653 1588 783 1650 scandsa
797 1589 950 1666 appellari
966 1588 1079 1649 malim
1092 1587 1132 1666 (ἢ)
1149 1611 1174 1648 ».
1193 1589 1227 1647 Et
1243 1587 1318 1646 satis
1333 1586 1393 1646 luit

179 1699 215 1756 ut
231 1695 428 1765 laudaretur,
444 1695 529 1773 quod
541 1695 598 1754 bas
614 1695 797 1772 linguarum
814 1695 927 1772 stirpes
942 1694 1047 1754 lucide
1063 1695 1185 1771 primus
1202 1692 1393 1771 sejunxisset

179 1810 222 1876 et,
248 1805 275 1864 si
298 1804 359 1883 ipsi
380 1804 537 1864 Raumero
560 1803 731 1874 oredimus,
750 1828 763 1857 α
789 1821 870 1880 quae
889 1801 1023 1874 tamdiu,
1046 1802 1187 1861 maximo
1212 1800 1393 1860 studiorum

179 1911 311 1983 damno,
327 1912 510 1988 promiscua
523 1912 660 1983 luerunt,
674 1929 711 1970 ea
725 1910 856 1970 demum
870 1911 902 1968 in
921 1909 1066 1968 ordinem
1081 1908 1291 1985 disposuisset
1303 1909 1347 1981 (3)
1365 1929 1391 1964 ».

179 2017 368 2077 Praemissis
380 2034 454 2076 vero
470 2017 667 2095 argumentis
684 2018 759 2076 satis
775 2017 984 2076 manifestum
1000 2020 1058 2086 est,
1077 2031 1151 2074 eum
1164 2015 1299 2073 utillime
1315 2018 1395 2072 cele-

179 2125 235 2196 τίς,
251 2127 288 2184 ut
304 2124 473 2196 affirmant,
491 2124 524 2183 in
542 2142 579 2183 ea
595 2141 627 2183 re
641 2123 858 2183 antecessisse.

219 2229 302 2302 Quid
319 2234 427 2290 autem
443 2229 481 2290 de
504 2230 626 2290 ratione
641 2234 779 2298 censeat,
797 2247 860 2306 qua
882 2232 1063 2306 segregatae
1087 2233 1143 2286 aut
1165 2228 1245 2286 inter
1262 2244 1293 2285 se
1316 2243 1393 2285 oon-

179 2337 312 2416 junetae
337 2337 466 2414 linguae
491 2337 569 2396 istae
598 2337 661 2395 sint
687 2355 726 2395 ex
749 2337 798 2395 liis
826 2336 929 2395 verbis
958 2334 996 2393 ad
1025 2334 1197 2394 Ludolsum
1226 2334 1393 2392 scribentis

182 2443 310 2503 abunde
330 2444 518 2520 apparebit:
535 2467 549 2497 α
563 2443 652 2503 Certe
666 2442 812 2520 Ulphllae
828 2460 909 2519 quae
925 2441 1064 2501 ereditur
1079 2441 1183 2499 versio
1199 2441 1293 2516 longo
1312 2440 1392 2499 milri

181 2550 291 2611 deesse
315 2549 441 2610 videtur
461 2569 479 2609 a
503 2549 732 2609 Soundinaviae
758 2549 895 2608 dialeoto
914 2567 920 2607 τ
937 2549 1021 2608 hane
1042 2549 1127 2607 enim
1152 2549 1258 2625 potius
1283 2549 1394 2624 anglo-

181 2655 351 2717 saxonieae
373 2657 543 2716 convenire
558 2673 734 2734 agnosco...
753 2654 836 2714 lllud
862 2643 1056 2714 tamennon
1079 2654 1254 2713 absurdum
1275 2659 1321 2713 est
1346 2673 1393 2713 re-

181 2771 295 2830 missas
324 2787 363 2828 ex
392 2767 604 2829 Soaudinavia
630 2767 662 2825 in
686 2766 891 2826 Germaniam
920 2763 1063 2823 colonias
1087 2762 1237 2838 ipsosque
1253 2763 1393 2820 Saxones

181 2874 430 2937 Soandinavioae
445 2873 578 2950 originis
594 2890 661 2932 esse
677 2893 691 2925 >›
704 2871 759 2950 (4).
778 2873 840 2929 Neo
855 2870 957 2940 aliter,
975 2868 1088 2928 Meiero
1104 2867 1200 2926 dicit:
1219 2891 1233 2920 «
1249 2868 1327 2926 Puto
1334 2913 1391 2924 .....

181 2988 217 3042 ut
238 2981 336 3042 hodie
359 2982 461 3052 dulas,
488 2979 532 3038 ila
558 2979 638 3038 olim
665 2980 806 3039 Saxones
831 2979 984 3053 cognatos
1014 2992 1088 3035 oum
1113 2974 1209 3034 Danis
1232 2978 1262 3033 et
1284 2973 1393 3033 Sueois

181 3088 311 3167 populis
341 3087 458 3160 luisse,
489 3087 586 3146 etiam
614 3086 724 3163 lingua
750 3102 817 3143 rem
843 3084 1053 3143 oonlirmante
1080 3106 1094 3136 »
1127 3082 1189 3160 (ὃ).
1221 3083 1394 3158 Postquam

183 3199 281 3276 igitur
306 3213 322 3255 e
350 3193 563 3256 Soandiuavia
586 3192 746 3269 proiectos
773 3207 840 3250 esse
873 3189 962 3267 regni
993 3189 1090 3266 gotiei
1119 3186 1300 3248 conditores
1325 3188 1395 3264 J'am

183 3307 275 3363 antea
288 3300 457 3372 concessit,
472 3297 633 3359 eSoandis
646 3314 734 3357 nuno
744 3297 908 3356 Saxonum
922 3299 954 3354 et
965 3295 1244 3372 Anglo-Saxonum
1258 3310 1394 3371 proavos

184 3413 269 3469 ortos
289 3424 358 3466 esse
374 3406 554 3476 existimat;
572 3402 650 3481 quid
663 3402 829 3464 confusius
847 3400 885 3461 de
900 3400 1051 3478 progenie
1068 3403 1099 3460 et
1120 3399 1309 3478 cognatione
1329 3414 1394 3457 ser-

183 3532 318 3576 monum
334 3514 470 3573 istorum
483 3510 617 3590 proferri
634 3509 780 3588 poterat?

215 3803 247 3866 (l)
266 3802 387 3868 Exempli
409 3803 505 3868 gratia,
522 3801 653 3862 nanterus,
670 3814 698 3866 p.
715 3797 978 3860 mahometanum
993 3797 1081 3848 decori
1096 3798 1182 3857 vertit,
1196 3794 1266 3861 quod
1278 3795 1393 3860 gotieam

183 3896 300 3964 linguam
321 3911 382 3950 oum
404 3897 612 3962 anglosaxonica
638 3895 779 3948 contulerit
806 3892 911 3954 (melius
930 3893 1041 3944 dixisset
1067 3908 1074 3943 z
1097 3891 1312 3944 scandinavioam
1332 3902 1392 3942 oum

183 3992 409 4058 anglosaxonioa;
425 3991 463 4042 ci.
480 3991 568 4057 inira).

213 4085 250 4148 (2)
267 4087 340 4145 Dat..
351 4087 395 4146 Vl,
408 4099 470 4151 pars
484 4088 509 4146 2,
525 4099 554 4151 p.
570 4089 627 4137 tlt.

214 4183 252 4248 (3)
269 4182 308 4232 Gi.
325 4185 450 4242 Raumer‚
469 4185 527 4232 ldl.

214 4280 253 4339 (i)
272 4279 343 4338 Dat,
356 4279 398 4334 vt,
416 4290 478 4342 pars
493 4279 518 4336 2,
531 4290 559 4342 p.
576 4279 696 4327 lot-tob.

221 4375 259 4442 (5)
279 4372 354 4435 did,
368 4373 410 4433 Vl,
425 4385 488 4438 pars
499 4374 524 4432 2,
537 4384 564 4436 p.
579 4373 637 4421 lit.

647 4587 926 4602 μή
