3446 5452
339 1197 425 1257 Quos
452 1197 514 1244 SIBI
541 1197 745 1245 nummarius
772 1197 982 1246 ornaverunt
1009 1195 1206 1246 nortbertus
1233 1197 1272 1244 ET
1298 1197 1494 1245 LElBNlTIUS.

779 1459 1057 1474 -u-n--u--n—-n

355 1785 450 1846 Recte
465 1785 562 1865 igitur
584 1783 766 1856 Morhoous,
791 1785 903 1842 cautus
919 1782 1033 1842 saltem
1048 1780 1201 1842 adversus
1223 1781 1428 1860 singulorum
1455 1780 1524 1840 libi-

316 1891 426 1953 dinem
436 1892 486 1954 vel
498 1891 699 1961 instinctum,
715 1890 793 1950 dum
804 1892 927 1968 optaret
942 1888 1105 1948 emendari
1120 1905 1157 1949 ac
1173 1889 1361 1948 reviviscere
1371 1888 1523 1966 linguam,

316 1999 477 2077 imprimis
505 1997 695 2070 confidebat,
712 2001 747 2056 ut
775 2014 824 2056 res
853 1996 933 2057 benc
961 1994 1156 2070 succederet,
1171 1996 1281 2074 probis
1302 1997 1522 2074 scriptoribus,

315 2106 506 2184 praesertim
522 2110 627 2165 autem
644 2104 746 2164 doctis
760 2121 798 2164 ex
820 2104 964 2181 professo
991 2103 1067 2162 viris
1084 2108 1178 2180 atque
1194 2103 1277 2162 inter
1301 2121 1354 2163 eos
1378 2103 1527 2181 potentis·

317 2213 419 2285 simis,
437 2212 502 2272 illis
518 2228 633 2288 nempe
650 2211 704 2287 qui
726 2209 974 2271 Universitatum
990 2209 1161 2286 colloquiis
1174 2214 1352 2287 praeerant.

358 2318 507 2380 Docendo
524 2317 610 2378 errim
628 2317 761 2377 suadere
774 2333 899 2394 semper
910 2317 943 2376 in
956 2317 1239 2394 animo,propositi
1251 2321 1356 2389 tenax,
1374 2315 1528 2377 habuerat

316 2427 428 2506 etjam
443 2441 539 2502 supra
569 2423 776 2483 manifestum
792 2427 839 2482 ost
866 2423 999 2494 lactum,
1017 2427 1137 2499 quanta
1159 2422 1340 2495 sedulitate,
1354 2439 1412 2499 pro
1441 2427 1526 2500 parte

316 2533 412 2605 virili,
430 2548 561 2592 munere
577 2548 635 2590 suo
650 2531 690 2589 sit
705 2530 845 2590 iunctus.
863 2529 950 2602 Quae
968 2530 1066 2608 igitur
1088 2528 1240 2590 audacter
1254 2531 1388 2590 molitus
1404 2547 1441 2591 ac
1465 2536 1528 2592 tan-

316 2638 389 2700 dem
404 2642 596 2698 consecutus
627 2636 668 2696 sit
691 2637 890 2708 Thonrasius,
912 2654 975 2713 quo
1004 2636 1128 2714 impetu
1144 2637 1381 2698 rebellantem«
1409 2639 1527 2697 Huma-

314 2746 459 2806 nismum
472 2766 486 2798 »
501 2744 628 2822 sugerit,
645 2747 687 2813 ct,
704 2743 753 2802 vel
769 2742 932 2819 perbreve
947 2743 1101 2819 temporis
1116 2743 1256 2821 spatium
1272 2744 1388 2816 victus,
1402 2763 1526 2824 germa-

314 2851 387 2911 nico
400 2848 528 2910 tandem
550 2849 689 2908 sermoni
704 2848 824 2908 aditum
850 2849 883 2907 in
905 2849 1124 2909 Universitatis
1139 2854 1240 2909 coatus
1255 2854 1411 2928 perpetuo
1437 2868 1528 2928 para-

221 2985 224 2991 *
316 2958 406 3029 verit,
422 2955 677 3016 considerantum
695 2954 880 3013 meminisse
896 2954 996 3027 decet,
1011 2955 1056 3014 ita
1072 2955 1364 3033 cessissoprospere
1380 2955 1522 3033 quidem,

317 3062 372 3124 sed
401 3062 533 3123 cessisse
557 3060 654 3121 modo
684 3060 794 3120 multis
808 3061 900 3120 annis
916 3065 988 3139 post
1017 3061 1181 3139 inceptum
1205 3062 1367 3139 proelium.
1399 3062 1527 3122 Minime

313 3169 457 3247 profecto
475 3169 568 3228 nobis
594 3168 627 3225 in
650 3167 759 3227 animo
777 3171 835 3240 est,
861 3171 897 3227 nt
924 3171 1054 3228 strenuo
1082 3168 1150 3228 viro
1174 3167 1373 3228 tortitudinis
1397 3167 1527 3229 landem

314 3275 526 3348 invideamus
543 3279 573 3335 et
588 3275 706 3353 egregii
721 3274 811 3348 tacti3
840 3274 1034 3353 injuriosum
1049 3279 1157 3335 tamen
1183 3292 1250 3334 non
1265 3275 1362 3336 fuerit
1383 3274 1530 3336 animad-

315 3389 447 3455 vertere,
463 3399 537 3443 eum
554 3383 587 3442 in
603 3399 730 3441 summa
751 3381 833 3441 nihil
847 3381 960 3459 egisse,
974 3381 1038 3440 nisi
1064 3385 1099 3442 ut
1117 3382 1302 3442 turbulenta
1326 3382 1529 3460 aliquantum

315 3507 413 3550 manu
429 3489 520 3549 litem
534 3488 708 3560 dirimeret,
724 3487 810 3547 dicta
825 3487 916 3566 quasi
931 3488 998 3565 jam
1015 3505 1121 3561 causa,
1140 3506 1236 3564 quam
1263 3489 1370 3550 multis
1400 3488 1475 3550 inde
1490 3489 1528 3549 ab

314 3597 406 3658 annis
430 3596 646 3668 inchoaverat,
669 3594 878 3655 submissiore
904 3593 1039 3653 forsitan
1063 3610 1152 3666 voce,
1168 3599 1199 3653 at
1227 3613 1291 3655 non
1316 3594 1387 3655 ideo
1419 3595 1529 3656 minus

315 3706 438 3765 intenta
469 3708 500 3764 et
519 3703 640 3763 efficaci
668 3702 825 3763 industria
861 3705 891 3761 et
919 3701 1110 3774 constantia,
1139 3719 1273 3762 concors
1307 3702 1525 3779 professorum

314 3812 453 3884 soboleS,
470 3809 592 3888 patriae
607 3808 906 3869 amantissimorum
927 3811 957 3868 et
971 3812 1064 3868 acuto
1080 3806 1300 3885 praeditorum
1312 3808 1453 3886 ingenio.

354 3916 457 3989 Quam
485 3916 569 3976 enim
601 3931 733 3992 operam
760 3913 976 3991 Wittebergae
1008 3931 1176 3992 aggressus
1206 3919 1273 3974 erat
1295 3913 1528 3988 Buchnerus,a

314 4021 528 4093 NeumanniO,
541 4025 615 4098 post
642 4035 715 4080 cum
746 4018 946 4093 defunctum,
964 4020 1197 4093 continuatam,
1212 4025 1243 4081 et
1256 4021 1376 4098 pariter
1398 4021 1527 4082 Tscher-

313 4128 444 4207 ningins
477 4126 641 4187 Rostochii
674 4125 876 4202 Dachiusque
916 4125 1163 4206 Regiomontaui
1202 4133 1418 4206 susceperant,
1456 4146 1527 4190 eam

314 4235 486 4296 Morhotlus
502 4232 665 4294 Rostochii
681 4232 835 4310 primum,
853 4237 964 4311 utpote
979 4233 1196 4314 Tscherningii
1220 4253 1395 4312 successor,
1413 4236 1527 4298 deinde

313 4341 470 4413 Kiloniae,
484 4358 501 4400 a
517 4339 646 4400 condita
658 4339 767 4398 statim
781 4357 865 4399 nova
876 4339 1098 4412 Universitate,
1111 4347 1299 4418 persecutus
1315 4349 1392 4404 erat.
1408 4347 1447 4405 At
1462 4362 1526 4405 non

313 4449 389 4509 satis
404 4445 518 4506 habuit
533 4461 565 4505 se
578 4443 618 4504 ad
646 4445 829 4523 exemplum
853 4446 999 4524 magistri
1016 4450 1047 4507 ot
1071 4450 1282 4510 antecessoris
1305 4451 1525 4531 Tscherningii

313 4569 515 4632 componere,
539 4549 803 4629 academicosque
819 4550 967 4613 alumnos
983 4551 1022 4612 ad
1044 4553 1183 4630 patriam
1205 4555 1333 4635 poesim
1355 4556 1525 4620 colendam
