3462 5452
679 629 870 708 241..

208 784 360 860 Quamvis
378 788 493 848 multas
509 803 703 867 magnasque
719 785 809 849 dotes
828 786 1074 867 francogallicae
1094 786 1224 865 linguae
1248 781 1384 846 libenter

167 894 304 973 largitus
316 895 355 954 sit
371 895 553 967 Morbofius,
565 914 631 956 non
644 899 749 974 potest
763 899 870 955 tamen
882 896 960 972 quin
975 895 1206 954 nonnullorum
1218 890 1307 953 XVlIi
1319 909 1384 951 sae-

168 1002 232 1062 culi
249 1003 408 1080 gallorum
422 1003 612 1080 scriptorum
635 1002 816 1079 superbiam
832 1001 991 1075 retundat,
1009 1002 1063 1079 qui
1081 1018 1149 1061 eam
1166 999 1284 1059 latinae
1298 1001 1384 1057 ante-

167 1109 284 1170 cellere
311 1109 550 1184 contenderent,
576 1114 617 1183 et,
636 1111 669 1170 in
686 1110 892 1170 celeberrima
917 1110 973 1169 illa
988 1114 1066 1169 tunc
1080 1107 1220 1185 primum
1236 1105 1384 1165 instituta

167 1217 387 1277 controversia
408 1216 447 1276 de
469 1220 614 1277 veterum
635 1223 690 1276 aut
712 1217 926 1277 recentiorum
950 1216 1157 1293 praestantia,
1184 1215 1218 1272 in
1239 1215 1382 1273 veterum

76 1347 78 1352 ’
166 1327 286 1400 partes,
304 1323 396 1382 nulla
416 1322 554 1382 admissa
576 1341 674 1396 mora,
699 1323 872 1384 concedere
896 1342 954 1383 sua
972 1339 1045 1383 eum
1066 1322 1152 1400 cogit
1176 1321 1382 1398 antiquarum

167 1430 345 1490 litterarum
367 1432 558 1490 inconcussa
573 1432 761 1492 reverentia.
784 1431 1060 1503 Quemadmodum
1079 1431 1164 1489 enim
1183 1429 1307 1488 nullam
1332 1445 1381 1487 re-

168 1539 342 1598 centiorem
358 1539 501 1616 linguam
517 1539 633 1616 gallica
648 1539 818 1616 potiorem.
840 1539 884 1597 ita
903 1538 1038 1609 nullam,
1064 1555 1105 1596 ne
1125 1537 1225 1613 ipsam
1250 1533 1380 1612 quidem

168 1645 331 1726 gallicam,
346 1645 445 1705 latina
458 1646 722 1722 praestantiorem
738 1645 835 1705 habet
850 1644 858 1722 (
880 1647 902 1720 ).

207 1753 348 1813 Italicam
364 1752 508 1831 proiecto
521 1752 663 1829 linguam
681 1753 797 1812 fatetur
809 1751 988 1830 graviorem
999 1749 1173 1826 aliquando
1189 1753 1221 1808 et
1249 1747 1384 1808 severio-

167 1877 235 1920 rem
248 1860 364 1938 gallica
377 1877 464 1931 esse;
483 1877 552 1919 eam
568 1863 675 1919 tamen
690 1860 723 1918 in
734 1859 920 1918 universum
937 1856 1170 1917 consideratam
1199 1855 1276 1915 huic
1289 1854 1384 1931 longe

166 1967 343 2045 postponit.
362 1967 562 2044 Quamquam
572 1966 660 2051 enim
673 1964 760 2025 haud
776 1965 895 2024 invitus
911 1963 1058 2024 concedit
1069 1964 1159 2022 illam
1175 1963 1384 2021 informatam

167 2073 297 2135 tandem
313 2093 350 2134 ac
362 2074 553 2152 perpolitam
564 2073 808 2150 incomparabili
824 2071 1052 2142 concinnitate,
1078 2069 1248 2146 elegantia,
1273 2067 1381 2126 suavi-

167 2186 232 2242 tate
248 2199 316 2242 esse
331 2180 519 2258 praeditam,
536 2197 603 2240 eam
622 2179 835 2239 nihilominus
856 2197 873 2237 a
892 2178 1004 2254 primis
1025 2177 1131 2236 statim
1153 2177 1257 2236 verbis
1284 2175 1385 2234 incre-

166 2307 247 2367 pans
259 2289 396 2348 nothum
413 2287 573 2365 quoddam
590 2287 710 2363 eloquii
723 2303 824 2363 genus
846 2289 950 2358 vocnt,
966 2283 1052 2360 quod
1072 2301 1087 2343 e
1105 2283 1214 2360 spuria
1242 2282 1384 2358 corrupti
1436 2357 1441 2368 ι

168 2396 260 2454 latini
277 2393 433 2454 sermonis
450 2394 602 2454 mixtione
617 2411 688 2453 cum
701 2394 806 2470 getica
816 2393 927 2470 lingua
940 2391 1105 2451 coaluerit.
1395 2402 1407 2440 s

207 2501 429 2574 Quamobrem
456 2501 628 2560 Morhoiius
651 2500 756 2560 subito
784 2499 943 2577 duplicem
963 2499 1056 2558 istam
1086 2498 1240 2576 originem
1256 2496 1383 2557 italicae

168 2609 299 2687 linguae
312 2608 466 2686 peculiari
483 2609 608 2667 crimini
621 2608 742 2678 iecerit,
758 2610 884 2666 nonest
899 2610 981 2666 certe
1002 2605 1089 2682 quod
1110 2605 1214 2681 primo
1231 2603 1384 2681 adspectu

170 2716 324 2794 conjicias
341 2733 347 2788 ;
366 2716 466 2775 inilia
482 2716 566 2775 enim
583 2713 826 2774 constituendae
853 2714 978 2773 italicae
999 2713 1128 2790 linguae
1154 2713 1277 2771 ratione
1301 2712 1383 2772 nihil

170 2823 327 2893 invenias,
341 2821 428 2900 quod
457 2840 523 2883 non
538 2822 606 2898 ipse
616 2822 682 2899 jam
697 2821 734 2881 de
754 2821 867 2881 ceteris
883 2820 1055 2880 romanicis
1072 2819 1273 2878 sermonibus
1295 2823 1385 2879 ncta-

170 2929 252 2989 verit
265 2933 297 2989 et
311 2927 350 2987 ad
364 2929 466 3005 ipsam
479 2945 585 2988 rerum
606 2932 754 2988 naturam
778 2925 1060 2988 accommodatum
1090 2925 1296 3002 reputaverit,
1311 2941 1383 2984 cum

171 3040 303 3096 cunctos
317 3053 429 3112 aeque,
445 3039 482 3095 ut
495 3053 554 3112 par
567 3039 645 3106 erat,
658 3052 674 3094 e
689 3035 790 3093 latina
804 3034 915 3111 lingua
928 3038 1014 3092 ortos
1027 3036 1180 3110 agnoscat
1194 3031 1384 3108 cunctisque

169 3142 391 3220 egermanicis
407 3141 607 3201 sermonibus
623 3139 799 3218 quidquam
817 3141 890 3216 plus
915 3139 1062 3199 minusve
1086 3139 1265 3216 obrepsisse
1291 3138 1385 3214 profi-

168 3253 284 3308 teatur.
297 3250 335 3307 llt
350 3248 448 3321 enim,
463 3247 518 3306 ubi
534 3264 608 3306 vera
622 3247 721 3306 totius
730 3247 828 3325 jurgii
844 3263 940 3306 causa
960 3249 1102 3322 apparet,
1121 3245 1235 3304 mirum
1253 3262 1384 3322 prorsus

169 3355 202 3414 in
219 3354 349 3414 modum
366 3354 445 3414 haec
454 3355 493 3413 ab
510 3371 546 3413 eo
560 3355 628 3413 viro
640 3353 737 3431 objici
751 3352 957 3430 judicaveris
973 3353 1026 3411 cui
1041 3352 1103 3412 hoe
1118 3369 1244 3429 semper
1258 3368 1384 3410 summo

169 3461 275 3522 studio
288 3461 542 3538 praecipuaeque
556 3477 651 3520 curae
664 3459 771 3531 fuerit,
780 3464 817 3518 ut
831 3458 1030 3536 germanicae
1042 3457 1171 3535 linguae
1185 3457 1258 3534 jura
1273 3461 1384 3516 contra

172 3569 304 3627 latinam
329 3571 495 3644 repeteret.
513 3565 599 3625 Italis
614 3583 729 3642 nempe
749 3565 841 3624 nullo
856 3568 950 3641 pacto
976 3563 1139 3640 ignoscere
1164 3566 1279 3646 potest,
1297 3562 1383 3639 quod

172 3677 293 3735 latinae
306 3675 439 3752 linguae
453 3690 546 3732 usum
563 3672 760 3732 deseruerint
776 3676 807 3731 et
820 3671 943 3748 vulgari
960 3686 1105 3729 sermone
1120 3668 1229 3728 italico
1247 3669 1384 3729 scribere

171 3785 345 3862 eruperint,
371 3783 459 3860 luget
484 3799 550 3854 eos,
568 3786 677 3859 utpote
698 3783 881 3841 Latinorum
897 3781 1025 3858 stirpem
1051 3780 1194 3856 legitima
1208 3778 1383 3855 propagine

172 3891 410 3960 continuantes
428 3888 548 3966 patriae
564 3888 693 3964 linguae
707 3886 852 3947 infideles
865 3887 974 3958 fuisse,
990 3904 1061 3959 nec,
1073 3889 1246 3965 postquam
1274 3885 1384 3944 omnia

171 3983 325 4067 laudavit,
343 4012 424 4072 qnae
436 3994 586 4054 nonnulli
600 3993 716 4053 eruditi
731 3993 812 4054 xlv
828 3997 858 4052 et
879 3995 947 4054 XV⁰
977 3993 1114 4053 saeculis
1134 3991 1329 4051 tentaverint
1343 3991 1383 4051 ad

170 4101 392 4164 renovandum
407 4101 524 4161 latinae
538 4101 667 4178 linguae
683 4118 791 4173 usum,
806 4119 908 4178 aequo
924 4100 1033 4160 animo
1047 4099 1128 4160 ferre
1138 4103 1254 4178 potest,
1270 4117 1382 4160 eorum

171 4209 339 4270 conatibus
353 4207 434 4267 nihil
450 4224 518 4268 esse
533 4207 713 4284 proiectum
729 4207 781 4283 (ἓ).

207 4555 244 4624 (1)
265 4559 335 4618 Uni„
354 4560 487 4620 lla-18⁰3
502 4558 658 4622 Polybr'stor,
673 4559 701 4608 T.
719 4560 739 4618 l,
757 4558 934 4622 Lib.1v‚cap.
952 4562 975 4616 l,
990 4558 1005 4621 ἓ
1022 4563 1062 4608 lo.

204 4653 236 4716 (tl
255 4653 331 4714 laia,
350 4657 396 4705 182
410 4668 469 4720 sqq.
