3446 5452
639 632 852 715 -109--

134 787 266 874 possit:
292 819 307 850 «
330 787 410 856 Wer'
425 787 491 856 will
511 807 607 874 sagen
625 793 734 855 woher
749 793 821 854 dass
836 791 928 854 Wort
942 782 1079 854 rucbtoss
1103 785 1243 865 komme,
1264 803 1359 852 wann

135 921 175 963 er
190 903 285 962 nicht
298 903 403 975 weiss,
421 900 492 962 dass
513 902 569 962 das
584 903 675 963 Wort
694 900 770 961 rucb
784 900 861 962 oder
876 899 972 960 ruacb
987 919 1021 961 so
1044 901 1107 962 viel
1123 901 1170 960 als
1186 897 1287 980 Serge
1310 899 1360 960 bei

136 1009 206 1070 den
220 1011 308 1070 alten
334 1009 511 1070 Teutschen
535 1009 714 1069 bedeutet‘t
736 1009 795 1068 Des
817 1009 943 1068 Wortes
968 1005 1076 1066 Beicbt
1095 1008 1260 1084 Ursprung
1280 1004 1362 1064 wird

134 1115 334 1177 schwerlich
353 1117 442 1176 einer
460 1116 574 1194 geben,
591 1101 730 1176 welcher
748 1113 839 1174 nicht
860 1114 964 1186 weiss,
981 1111 1054 1173 dass
1074 1131 1107 1185 es
1131 1113 1164 1172 in
1179 1111 1254 1172 dem
1274 1112 1361 1173 alten

136 1222 326 1282 Teutschen
342 1223 462 1282 Psalter
476 1219 589 1301 begibt,
613 1218 690 1281 oder
714 1218 832 1300 depicbt
855 1218 1065 1298 geschrieben
1084 1217 1176 1293 wird,
1199 1217 1266 1277 und
1292 1218 1360 1278 also

137 1346 335 1389 zusammen
349 1331 497 1406 gesetzet
518 1328 559 1386 ist
580 1346 638 1387 aus
662 1326 717 1390 der
740 1327 977 1404 Praepositione
1004 1326 1209 1404 inseparabili
1238 1323 1272 1384 be
1294 1323 1361 1386 und

136 1435 217 1495 dem
234 1437 329 1496 Wort
344 1434 410 1514 gibt
426 1434 504 1496 oder
518 1433 626 1515 gicht(
650 1436 670 1512 ).

180 1543 252 1614 Quo
284 1547 368 1602 certe
396 1535 542 1602 instituto
569 1542 687 1601 rectius
713 1559 749 1601 ao
775 1540 876 1600 tutius
904 1540 1052 1618 progredi
1082 1540 1360 1618 investigationem

136 1667 276 1709 necesse
292 1653 349 1719 est,
368 1665 465 1725 quam
483 1648 520 1722 si,
536 1649 640 1725 primo
666 1648 798 1724 impetu,
816 1647 946 1706 viatoris
960 1647 1139 1725 incognitas
1161 1650 1260 1708 terras
1279 1646 1360 1708 torte

137 1756 342 1834 explorantis
353 1755 428 1827 ritu,
443 1756 577 1833 longum
592 1755 652 1815 iter
664 1772 721 1831 per
739 1754 842 1813 varias
861 1752 1154 1814 diversissimorum
1165 1753 1360 1830 populorum

138 1864 274 1941 linguas
291 1862 480 1939 susceperis,
504 1861 647 1922 collectis
668 1859 796 1922 turbido
819 1863 850 1920 et
873 1876 968 1921 caeco
991 1862 1085 1936 raptu
1108 1876 1195 1920 nunc
1221 1877 1259 1920 ex
1286 1859 1358 1924 hoc.

138 1987 231 2029 nunc
254 1987 297 2028 ex
322 1969 378 2027 illo
395 1949 540 2028 sermone
567 1967 747 2045 disparibus
763 1967 961 2046 argumentis
990 1971 1021 2027 et
1038 1984 1150 2044 parurn
1173 1966 1245 2027 lidis
1272 1967 1361 2027 testi-

140 2075 264 2136 moniis
281 2073 337 2152 (2).
362 2076 431 2134 Non
447 2074 536 2151 prius
560 2074 646 2134 enim
666 2073 705 2134 ad
727 2073 913 2152 peregrinae
936 2072 1110 2151 cujuslibet
1132 2074 1261 2152 linguae
1283 2092 1361 2134 auc-

138 2181 309 2240 toritatem
324 2179 496 2257 confugere
515 2181 561 2238 las
584 2184 642 2252 est,
662 2197 757 2256 quam
774 2197 863 2240 exea
885 2179 965 2257 ipsa,
982 2197 1064 2256 quae
1087 2180 1121 2240 in
1136 2180 1361 2257 disquisitione

138 2284 290 2361 ponitur,
306 2282 398 2342 nulla
410 2283 478 2360 jam
491 2299 558 2342 non
573 2281 742 2360 desumpta
758 2281 877 2342 indicia
892 2282 1054 2360 supersint
1068 2282 1121 2362 (3).

181 2391 270 2448 Haec
286 2393 349 2448 tam
366 2393 457 2448 caute
471 2392 503 2466 et
518 2387 717 2449 considerate
732 2389 1002 2468 praescribentem
1018 2389 1210 2451 blorholium
1231 2409 1297 2451 non
1313 2398 1360 2453 est

140 2512 220 2554 sane
244 2493 331 2572 quod
355 2511 430 2554 cum
451 2493 608 2554 Leibnitio
633 2495 853 2567 conseramus;
881 2512 956 2554 cum
979 2495 1032 2554 bic
1055 2495 1153 2555 talem
1178 2497 1359 2574 inquirendi

140 2600 304 2659 rationem
320 2599 369 2658 vel
382 2598 538 2658 disserens
554 2603 661 2677 aperte
674 2599 813 2662 ludibrio
834 2600 993 2673 babuerit,
1010 2602 1060 2660 vel
1075 2601 1142 2678 ipse
1156 2604 1360 2682 etymologiis

141 2703 338 2766 incumbens
356 2705 449 2782 quasi
464 2722 503 2764 ex
517 2706 681 2783 proposito
699 2707 855 2784 rejecerit.
882 2707 962 2767 Hinc
984 2708 1071 2767 enim
1085 2725 1150 2781 eos,
1167 2710 1222 2786 qui
1247 2710 1360 2788 buius-

143 2810 237 2872 modi
255 2811 439 2870 institutum
454 2812 693 2885 commendent,
709 2812 747 2874 de
763 2813 921 2873 industria
933 2831 1007 2874 cum
1024 2815 1264 2893 Stjernlrjelmio
1275 2818 1361 2878 Rud-

142 2918 328 2994 beckioque.
345 2923 376 2977 et
390 2919 572 2996 gregalibus
597 2919 762 2996 implicare
778 2937 815 2979 ac
836 2921 992 2997 permixte
1008 2921 1205 2983 contundere
1219 2924 1357 3000 videtur,

142 3025 344 3103 deridetque,
360 3031 469 3104 utpote
484 3027 540 3104 qui
554 3027 663 3087 omnia
676 3026 812 3088 absurde
833 3045 871 3087 ex
887 3045 945 3087 sua
960 3028 1071 3106 lingua
1090 3029 1277 3107 depromere
1298 3033 1358 3092 sibi

142 3137 313 3193 assumant
323 3132 375 3211 (lb
388 3132 489 3206 illino,
502 3133 556 3192 ubi
573 3133 606 3192 in
621 3133 798 3194 enodandis
813 3134 1000 3194 nominibus
1011 3134 1079 3212 ipse
1094 3137 1238 3196 laborare
1251 3140 1357 3217 coepit,

141 3242 250 3319 primo
278 3240 385 3300 statim
412 3241 496 3300 saltu
522 3240 562 3300 ad
589 3241 840 3301 remotissimam
861 3246 891 3301 et
918 3240 1170 3303 diversissimam
1197 3262 1359 3323 quamque

143 3348 291 3426 linguam
306 3346 383 3419 adit,
400 3347 526 3407 collatis
541 3347 666 3408 turbide
680 3365 754 3408 oum
767 3348 901 3425 graecis
916 3348 1035 3422 latinis,
1052 3351 1256 3427 germanicis,
1274 3352 1359 3412 tran-

144 3453 310 3532 cogallicis
326 3454 469 3526 vocibus,
491 3471 577 3514 nunc
598 3455 743 3514 hebraeis
772 3458 827 3514 aut
851 3455 1026 3529 chaldaeis,
1042 3476 1130 3518 nunc
1148 3461 1274 3520 tartaris
1303 3466 1359 3521 aut

145 3561 340 3631 sinensibuS,
358 3560 547 3638 quinetiam
563 3561 754 3621 americanis
768 3562 945 3622 vocabulis.
1102 3567 1104 3571 ’

184 3670 277 3729 lusto
300 3672 384 3727 certe
408 3685 445 3727 ac
463 3669 644 3728 necessario
660 3674 912 3746 temperamento
930 3671 1033 3731 utitur
1055 3673 1243 3746 Morholius;
1271 3680 1359 3753 post-

145 3793 245 3852 quam
260 3774 347 3834 enim
362 3773 449 3834 haud
464 3775 572 3834 minus
587 3776 724 3853 graviter
739 3793 836 3852 quem
857 3777 1033 3837 Leibnitius
1051 3784 1162 3856 postea
1181 3799 1293 3842 eorum
1313 3784 1360 3843 in-

146 3881 270 3942 saniam
286 3881 455 3958 increpuit,
471 3881 526 3958 qui
541 3881 784 3961 Stjerth‘elmii,
801 3882 988 3957 Rudbeokii,
1004 3884 1149 3952 Bocharti
1164 3887 1238 3960 ritu,
1250 3891 1359 3956 omnia

178 4163 214 4236 (l)
235 4167 305 4238 cna,
321 4174 445 4226 itt-tta.
460 4197 490 4213 -
504 4174 571 4238 Quid
584 4173 616 4228 de
632 4175 743 4229 utilitate
758 4177 960 4232 vernacularum
984 4179 1136 4248 linguarum
1161 4182 1188 4234 io
1211 4181 1358 4236 enodandis

148 4269 314 4337 etymologlts
330 4270 364 4321 stt
376 4268 563 4334 scottendimn,
576 4270 631 4338 jem
651 4276 728 4325 antee
742 4273 856 4326 ildimus
871 4287 886 4328 a
902 4273 1027 4332 tlorbotlo
1041 4275 1135 4330 illustri
1150 4279 1271 4348 exemplo
1285 4277 1356 4351 trau·

149 4366 267 4434 rogellict
282 4366 353 4419 verbi
371 4365 474 4418 declae
486 4381 544 4420 esse
558 4367 778 4422 demonstratum.

180 4460 218 4526 ts)
237 4459 307 4523 Une,
319 4465 361 4524 ec,
378 4463 435 4514 rol.

180 4557 215 4628 (³)
233 4555 309 4620 reta,
326 4561 413 4622 esea
428 4553 552 4616 les-tet.

181 4651 217 4726 (ὁ)
234 4650 346 4729 ligr-ege
358 4653 393 4710 et.
407 4651 479 4722 nuc,
494 4656 536 4724 vl,
552 4661 614 4730 pets
629 4652 654 4724 t.
670 4663 687 4731 p
714 4653 773 4718 tlt·
