3462 5452
845 555 1035 636 -44..

378 711 523 779 Ceterum
545 711 584 778 de
604 712 790 796 hispanicae
806 713 934 796 linguae
949 712 1072 796 origine
1090 711 1272 789 llorlrolius,
1290 713 1326 777 ut
1344 729 1393 776 res
1413 709 1538 786 ferebat,

338 823 446 885 eadem
471 825 536 886 fere
551 825 692 902 exponit,
710 842 792 904 quae
813 823 851 884 de
870 824 987 903 gallica
1009 829 1064 884 aut
1086 823 1194 884 italica
1215 823 1281 902 jam
1305 821 1467 902 praefatus
1487 824 1540 893 est,

337 937 510 1010 censetque
525 933 665 1010 primum
680 932 820 1010 genuino
837 931 976 992 sermoni
992 932 1155 1010 vulgarem
1170 931 1313 1010 linguam
1329 930 1460 990 latinam
1478 945 1543 988 esse

339 1039 482 1112 mixtam,
503 1040 599 1099 itaut
624 1039 677 1099 hic
699 1057 838 1117 quoque,
853 1037 940 1098 haud
964 1039 1058 1099 aliter
1076 1043 1171 1117 atque
1195 1038 1280 1116 apud
1300 1041 1422 1098 ceteros
1446 1053 1545 1097 roma-

338 1163 454 1206 nenses
477 1147 627 1224 populos,
656 1163 808 1206 romanae
834 1146 972 1206 rusticae
997 1146 1126 1223 linguae
1149 1146 1252 1206 forma
1275 1145 1431 1223 quaedam
1461 1143 1544 1205 brevi

338 1255 492 1316 exstiterit
514 1256 569 1330 (l).
597 1256 685 1314 Hauc
709 1257 815 1314 autem
838 1270 912 1313 mox
939 1254 1039 1314 multo
1064 1254 1164 1331 magis
1187 1257 1367 1332 corruptam
1389 1269 1426 1312 ac
1445 1250 1547 1312 defor-

338 1366 468 1434 matam,
486 1378 581 1439 quam
597 1360 681 1438 apud
697 1362 792 1421 ltalos
811 1361 994 1438 Gallosque,
1008 1378 1045 1421 ao
1059 1362 1260 1438 potissimum
1274 1361 1369 1421 variis
1382 1362 1546 1432 Gotorum,

342 1467 736 1540 Vandalorum,‘drabum
770 1467 972 1527 sermonibus
997 1467 1145 1527 inflexam
1175 1472 1270 1545 atquc
1300 1467 1455 1526 imbutam
1484 1483 1549 1526 esse

339 1576 521 1636 arbitratur.
539 1575 663 1634 Insulsa
678 1575 776 1653 igitur
789 1574 938 1651 superbia
953 1573 1056 1634 efferri
1071 1574 1229 1651 Hispanos
1249 1574 1304 1646 ait,
1321 1572 1549 1634 contendentes

339 1698 428 1742 suam
446 1681 588 1760 linguam
603 1681 720 1741 latinae
734 1681 912 1757 proximam
928 1681 1129 1753 remansisse,
1144 1698 1217 1741 cum
1233 1681 1328 1758 plane
1345 1679 1547 1740 manifestum

339 1789 390 1862 sit,
408 1787 494 1866 quod
506 1786 633 1864 quideur
650 1787 822 1847 Morhcfrus
837 1804 875 1846 ex
888 1787 1054 1847 nonnullis
1067 1787 1259 1865 peritissime
1276 1786 1381 1846 allatis
1396 1786 1549 1864 exemplis

324 1895 541 1972 comprobat,
565 1911 632 1954 cam
661 1894 695 1954 in
719 1895 758 1953 iis
783 1911 865 1971 quae
889 1894 1061 1971 praecipue
1090 1893 1130 1954 ad
1157 1894 1335 1955 litterarum
1358 1895 1550 1954 mutationes

340 2005 532 2080 spectante
553 2000 653 2060 latino
673 2017 818 2061 sermone
835 2017 929 2078 quam
954 2001 1090 2060 maxime
1115 2001 1252 2061 alienam
1275 2018 1343 2060 esse
1366 2001 1480 2060 factam
1496 1999 1547 2074 (2).

382 2111 487 2186 Longe
514 2108 667 2167 minorem
693 2108 825 2184 insuper
849 2108 877 2168 ei
896 2106 1101 2176 excolendae,
1125 2125 1221 2184 quam
1244 2108 1370 2167 italicae
1391 2111 1446 2167 aut
1460 2108 1550 2186 galli-

346 2231 412 2288 cae,
427 2231 535 2274 curam
552 2232 620 2274 esse
643 2214 817 2291 impensam
834 2214 993 2273 existimat
1009 2215 1063 2288 (3);
1089 2213 1152 2274 huc
1167 2219 1285 2285 autem,
1309 2219 1343 2273 ut
1359 2214 1435 2272 satis
1456 2231 1550 2291 appa-

345 2326 403 2393 ret,
420 2321 562 2398 proniori
572 2319 709 2398 quodam
727 2321 825 2380 animi
842 2320 984 2397 impulsu
1000 2320 1154 2380 inclinare
1167 2319 1304 2392 videtur,
1319 2324 1365 2393 ut,
1383 2323 1550 2398 postquam

345 2428 371 2488 ei
388 2428 452 2488 fere
469 2428 587 2487 invitus
610 2431 641 2486 et
659 2426 799 2486 renitens
822 2427 961 2504 aliquam
987 2426 1141 2486 orationis
1161 2425 1347 2504 dignitatem
1370 2432 1400 2486 et
1423 2425 1551 2504 grandi-

342 2539 437 2594 tatem
453 2534 610 2594 concessit
621 2535 675 2609 (l),
688 2534 757 2611 ejus
771 2533 847 2592 vitia
864 2533 971 2610 potius
986 2532 1023 2592 de
1039 2532 1195 2592 industria
1211 2533 1314 2609 palam
1336 2533 1441 2593 faciat.
1461 2534 1552 2594 Velut

344 2658 412 2701 cam
428 2640 600 2718 praecipuo
614 2639 720 2699 studio
735 2639 907 2699 subsurdas
923 2643 954 2698 et
968 2640 1120 2699 obscuras
1135 2639 1261 2699 vocales
1278 2640 1427 2716 prosequi
1441 2638 1495 2719 (ὃ),
1512 2645 1550 2710 et,

341 2746 499 2807 nonnulla
516 2745 644 2824 quidem
664 2749 830 2805 venustate
852 2745 1028 2822 praeditam
1052 2746 1106 2820 (6),
1127 2745 1280 2822 singulari
1306 2749 1411 2805 tamen
1448 2751 1480 2806 ct
1496 2763 1554 2823 pu-

343 2851 410 2913 tido
436 2850 563 2913 cuidam
589 2850 714 2911 dicendi
737 2851 844 2928 generi
866 2851 1001 2912 nimium
1029 2851 1206 2930 indulgere,
1224 2853 1303 2929 quin
1326 2853 1422 2912 etiam
1446 2853 1554 2913 inflata

345 2964 376 3019 ct
391 2956 513 3018 tumida
527 2957 670 3017 oratione
687 2957 814 3034 saepius
830 2962 955 3035 turgere
974 2962 1064 3018 notat
1078 2960 1133 3033 (l);
1152 2975 1290 3035 cumque
1313 2958 1450 3018 fateatur
1468 2960 1507 3019 ab
1521 2977 1555 3019 ca

344 3062 505 3125 interdum
522 3064 674 3123 translata
692 3064 787 3124 verba
807 3063 943 3124 feliciter
958 3065 1118 3142 usurpari,
1133 3082 1199 3124 nou
1211 3069 1317 3142 potest
1329 3065 1418 3143 quin,
1436 3066 1555 3143 optimo

345 3170 474 3250 quidem
498 3170 581 3247 jure,
609 3170 715 3230 statim
745 3168 986 3242 animadvertat,
1012 3187 1094 3243 eam,
1122 3169 1254 3248 perinde
1280 3175 1375 3249 atque
1405 3172 1555 3243 italicam,

347 3277 604 3355 metaphorarum
621 3274 794 3336 immodico
809 3294 871 3337 usu
885 3277 1075 3355 plerumque
1090 3293 1222 3354 peccare
1238 3275 1291 3355 (8).

385 3383 493 3443 Totius
510 3382 607 3461 igitur
627 3381 796 3460 hucusque
814 3383 978 3442 institutae
997 3382 1232 3460 disquisitionis
1252 3399 1409 3442 summam
1431 3381 1557 3443 facienti

350 3633 412 3682 nius
436 3632 510 3682 initio
523 3630 593 3696 apud
610 3644 657 3681 nos
679 3642 739 3680 cum
763 3628 844 3678 fuisse
866 3629 1006 3691 exceptum
1031 3627 1163 3675 testantur
1177 3637 1246 3688 quac
1259 3637 1337 3689 parce
1350 3625 1457 3675 omuino
1475 3628 1502 3675 et
1514 3627 1562 3676 cir·
1587 3611 1589 3618 ’

352 3725 550 3791 cumspectede
574 3724 745 3775 translatione
768 3724 801 3773 La
819 3722 905 3786 ilarpii
929 3719 1061 3784 eloquitur
1083 3717 1215 3769 Voltarius
1238 3717 1284 3779 (Cf.
1313 3719 1436 3780 Vottaire,
1452 3719 1563 3769 OEamus

356 3819 499 3886 completas,
513 3815 555 3870 dd.
570 3820 687 3878 Gurnier,
703 3819 727 3878 8,
741 3819 790 3867 332
800 3829 870 3881 sqq.‚
884 3817 925 3875 18,
940 3817 987 3865 119
1001 3829 1006 3876 ;
1022 3817 1063 3874 50,
1078 3816 1128 3876 91).

384 3915 424 3980 (1)
443 3915 513 3976 Uest,
531 3917 588 3974 113,
604 3915 662 3974 221,
678 3915 737 3963 191.

384 4011 418 4075 (2)
437 4007 513 4071 laid,
532 4010 590 4070 113,
605 4008 726 4058 221-225.

384 4106 420 4169 (3)
439 4102 513 4165 idid,
529 4105 588 4153 223.

387 4203 423 4266 (1)
442 4198 499 4249 idid
512 4236 518 4262 ,
532 4200 590 4249 216.

386 4299 425 4365 (a)
444 4293 518 4356 itia,
536 4297 593 4344 irc.

387 4391 423 4456 (6)
444 4387 518 4451 laid,
532 4390 590 4439 212.

388 4485 425 4554 (7)
443 4483 519 4545 ibid,
537 4485 661 4534 216-219.

389 4581 424 4651 (8)
445 4579 519 4640 ibid,
537 4581 595 4630 6111.
