3462 5452
876 631 1065 714 46..

363 805 460 854 mone
479 790 595 854 ducere
616 795 809 854 conarentur
824 795 853 854 et
869 789 941 871 plus
962 807 1064 870 aequo
1086 787 1270 871 ignorarent
1284 789 1333 851 vel
1350 787 1576 850 oblivisceren-

364 903 428 972 tur,
451 899 562 979 quanti
582 900 743 979 quondam
768 899 920 962 momenti
944 900 1127 979 germanica
1145 899 1256 979 lingua
1278 898 1318 960 ad
1338 895 1576 959 informandam

365 1011 396 1068 et
415 1007 596 1088 augendam
619 1007 882 1088 francogallicam
905 1007 1019 1068 luisset
1033 1009 1087 1086 (l).

405 1115 472 1174 lloc
488 1114 586 1192 igitur
602 1114 661 1174 sibi
677 1115 840 1192 proponit,
866 1118 902 1175 ut
930 1131 998 1175 earn
1022 1114 1170 1193 exemplo
1186 1114 1353 1174 confirmet
1371 1111 1574 1182 sententiam,

366 1237 463 1300 quam
480 1221 607 1298 saepius
629 1225 724 1295 certe,
745 1237 907 1299 nusquam
924 1226 1033 1282 autern
1052 1225 1119 1281 tarn
1134 1220 1273 1282 definitis
1297 1220 1401 1281 verbis
1419 1219 1519 1298 'quarn
1543 1218 1575 1276 in

365 1327 428 1389 hoc
449 1326 551 1389 libelli
581 1325 841 1409 Ucoorprcifliclre
862 1325 1025 1388 Gedonlcen
1052 1329 1196 1406 inscripti
1218 1329 1288 1389 loco
1304 1328 1474 1406 expressit:
1499 1350 1514 1381 a
1537 1326 1576 1384 lis

363 1435 405 1497 ist
419 1434 651 1514 handgraillich
665 1433 731 1495 und
746 1433 933 1513 gastandan,
949 1434 1021 1495 dass
1037 1435 1089 1496 die
1102 1437 1306 1507 Frantzosen,
1323 1435 1494 1496 Welschcn
1508 1429 1576 1493 und

365 1543 499 1621 Spanier
518 1541 590 1618 (der
601 1540 800 1620 Englamder,
817 1559 852 1602 so
869 1541 944 1602 halb
958 1541 1106 1615 leutsch,
1125 1559 1164 1602 zu
1176 1539 1412 1620 geschweigen)
1427 1540 1498 1602 sehr
1512 1538 1575 1598 viel

364 1651 473 1711 Worte
500 1667 564 1710 von
591 1648 653 1709 den
677 1648 855 1709 Teutsohcn
880 1647 998 1721 haben,
1026 1647 1093 1709 und
1125 1649 1192 1709 also
1221 1647 1282 1709 den
1306 1650 1470 1726 Ursprung
1491 1646 1577 1706 ihrer

365 1756 527 1835 Sprachen
542 1760 640 1836 guten
654 1755 759 1816 Thails
774 1755 909 1835 beyuns
930 1755 1053 1817 suchen
1074 1761 1216 1816 mtissan.
1240 1756 1332 1818 Gicht
1350 1757 1418 1818 also
1443 1756 1492 1817 die
1514 1757 1576 1817 Un-

363 1863 561 1942 tcrsuchung
573 1862 629 1923 der
641 1862 819 1923 Teutschen
834 1861 973 1940 Sprache
986 1862 1077 1923 nicht
1091 1855 1156 1922 nur
1167 1864 1220 1924 ein
1234 1863 1324 1925 Lioht
1340 1881 1398 1925 vor
1414 1882 1485 1937 uns,
1504 1879 1576 1923 son·

364 1969 442 2031 dern
467 1968 550 2030 auch
576 1985 633 2029 vor
656 1973 748 2048 gantz
771 1970 906 2046 Europa,
928 1969 1066 2030 welches
1097 1985 1230 2031 unserer
1254 1968 1393 2047 Spraohe
1419 1988 1459 2030 zu
1484 1968 1583 2032 nicht.

363 2076 527 2158 geringem
550 2076 614 2136 Lob
634 2075 776 2155 gereicht
795 2097 809 2128 o
833 2073 888 2155 (9).

403 2183 537 2244 Multum
548 2181 636 2243 abest
651 2199 726 2242 sane
742 2185 777 2242 ut
785 2181 960 2242 Leibnitius
971 2183 1125 2242 insulsam
1139 2186 1186 2243 tot
1195 2184 1392 2261 aequalium,
1407 2203 1445 2246 ac
1458 2183 1574 2263 praeci·

366 2288 608 2369 puaWesthovii
621 2294 652 2350 et
665 2287 829 2361 Gerhardi‚
845 2288 1029 2365 opinionem
1048 2290 1261 2367 amplectatur
1272 2294 1303 2353 at
1317 2291 1573 2371 francogallicam

363 2394 505 2476 linguam
522 2396 560 2455 ab
575 2395 666 2456 initio
679 2399 778 2456 totam
798 2395 1011 2473 germanicam
1042 2396 1142 2457 tuisse
1163 2397 1345 2458 contendat.
1371 2399 1472 2460 lmmo
1488 2398 1575 2478 quid-

365 2501 443 2582 quid
457 2501 574 2562 latinae
590 2501 680 2561 matri
697 2505 763 2561 erat
778 2501 996 2574 tribuendum,
1012 2501 1042 2561 id
1061 2502 1147 2563 haud
1170 2509 1359 2565 cunctanter
1369 2507 1523 2584 agnoscit,
1539 2522 1573 2565 ac

363 2609 501 2669 libenter
513 2608 630 2668 fatetur
644 2606 890 2685 francogallioae
906 2612 937 2668 ct
959 2609 1171 2685 germanicae,
1187 2627 1244 2687 per
1265 2612 1440 2672 multorum
1468 2630 1573 2674 saecu-

364 2715 468 2774 lorum
494 2712 676 2784 decursum,
699 2712 779 2773 haec
801 2714 899 2774 inisse
928 2714 1003 2785 sata,
1032 2719 1069 2774 ut
1096 2720 1231 2794 utraque
1258 2735 1296 2777 ex
1319 2718 1425 2778 vicina
1450 2719 1572 2798 saepius

365 2827 477 2881 mutua
489 2820 556 2880 vice
571 2819 729 2879 nonnulla
741 2821 896 2897 reciperet
913 2838 919 2892 ;
938 2826 1116 2898 nonpotcst
1132 2828 1237 2883 tarnen
1249 2823 1338 2901 quin,
1354 2824 1387 2885 in
1413 2824 1475 2885 hoc
1486 2823 1571 2903 quasi

362 2928 526 3005 rcciproco
548 2926 777 2986 vocabulorum
791 2928 994 2999 cormnercio,
1011 2929 1362 3006 gerrnanicaepotioros
1377 2935 1484 3007 partes
1504 2949 1572 2991 con·

363 3036 455 3097 cedat
442 3040 505 3095 tac
519 3035 625 3112 pluras
636 3034 724 3111 justo
740 3033 982 3112 francogallioas
998 3051 1092 3094 voces
1109 3036 1321 3113 egermanico
1337 3037 1405 3096 font
1393 3037 1570 3108 tehauriat

364 3138 801 3215 sicutborrieraeborralil),
817 3137 957 3219 dopuae
986 3137 1138 3220 dcqan(l)
1145 3139 1241 3220 fine
1266 3139 1397 3220 fein(5)
1387 3141 1573 3223 )‚(lccone

362 3246 541 3330 ficecla&
498 3245 681 3305 eleuata
694 3263 732 3304 ex
747 3242 875 3326 turtiql
880 3247 921 3322 7),
931 3244 997 3306 lotia
1013 3264 1029 3306 e
1046 3244 1129 3305 laute
1138 3247 1192 3323 (8)
1204 3245 1291 3327 perte
1305 3265 1321 3308 e
1337 3247 1472 3327 laertem
1475 3248 1483 3329 (
1499 3250 1573 3310 alia-

364 3372 426 3436 que
441 3352 583 3433 cjusdcm
599 3351 723 3430 generis
739 3350 907 3413 innumera
921 3371 928 3425 ;
957 3371 1016 3413 noc
1032 3353 1128 3413 serncl
1143 3353 1293 3426 occurrit,
1310 3357 1345 3413 ut
1359 3354 1573 3432 praejudicata

365 3570 509 3580 μα...-

396 3697 436 3763 (4)
454 3695 511 3746 Non
538 3693 635 3746 irrtlttas
660 3694 778 3760 proiecto
804 3695 921 3746 eundum
948 3694 997 3747 troc
1023 3698 1085 3749 vitio
1099 3699 1229 3748 nostrates
1246 3696 1290 3747 illa
1309 3699 1395 3749 aetate
1413 3695 1483 3748 haud
1496 3695 1572 3749 semel

362 3791 517 3855 peccavisse
539 3802 570 3842 ac
592 3791 684 3842 morito
707 3804 723 3841 a
742 3789 870 3842 Leibuitlo
885 3795 911 3842 ct
925 3790 1051 3844 llorlrcllo
1069 3791 1114 3855 (ci.
1133 3792 1203 3853 Uret..
1218 3791 1306 3852 54-58)
1320 3793 1472 3859 Menagium
1490 3791 1525 3844 de
1545 3804 1573 3844 eo

367 3884 633 3951 reprehensumcsse.

399 3978 436 4042 (2)
458 3979 677 4045 llrrcorprer'sla'clre
689 3980 835 4042 Gedonken,
850 3982 865 4044 ᾗ
879 3981 920 4032 li.

401 4077 439 4138 (3)
458 4075 529 4136 Dat,
544 4075 586 4136 Vl,
602 4088 662 4140 pars
676 4077 701 4137 9,
715 4088 742 4141 p.
757 4078 798 4126 53.
814 4074 848 4127 cl.
861 4074 958 4127 ibidem
971 4073 1061 4126 bertae
1075 4075 1185 4143 (bertae)
1197 4093 1227 4124 a
1248 4076 1328 4128 turra
1340 4077 1428 4145 (tacta)
1438 4077 1477 4146 (t)

400 4171 532 4238 (t)lttd.,
585 4197 616 4210 -
687 4196 717 4210 -
756 4174 797 4222 56.

399 4264 529 4332 (tillim,
584 4291 614 4306 -
683 4291 714 4306 ·-
753 4269 794 4318 59.

399 4360 435 4425 (o)
455 4358 530 4422 rora,
585 4386 615 4398 -
686 4385 716 4399 -
753 4362 795 4412 aa.

397 4451 530 4518 (7)]661,
585 4480 616 4492 -
687 4479 717 4494 ·-
753 4455 796 4506 tl.

398 4548 432 4616 (8)
452 4548 530 4614 laid„
584 4575 613 4590 -
686 4576 716 4590 -
754 4553 797 4602 62.

397 4647 435 4713 (e)
454 4643 530 4707 ltin,
585 4670 615 4684 -
686 4671 715 4684 -
755 4647 796 4697 6³.
