<?xml version="1.0" encoding="UTF-8"?>
<!DOCTYPE html PUBLIC "-//W3C//DTD XHTML 1.0 Transitional//EN"
    "http://www.w3.org/TR/xhtml1/DTD/xhtml1-transitional.dtd">
<html xmlns="http://www.w3.org/1999/xhtml" xml:lang="en" lang="en">
 <head>
  <title>
</title>
<meta http-equiv="Content-Type" content="text/html;charset=utf-8" />
  <meta name='ocr-system' content='tesseract 3.04.00' />
  <meta name='ocr-capabilities' content='ocr_page ocr_carea ocr_par ocr_line ocrx_word'/>
</head>
<body>
  <div class='ocr_page' id='page_1' title='image "./dedgmorhofiolei00fcgoog_0183.png"; bbox 0 0 3446 5452; ppageno 0'>
   <div class='ocr_carea' id='block_1_1' title="bbox 843 564 1050 636">
    <p class='ocr_par' dir='ltr' id='par_1_1' title="bbox 843 564 1050 636">
     <span class='ocr_line' id='line_1_1' title="bbox 843 564 1050 636; baseline -0.005 -1"><span class='ocrx_word' id='word_1_1' title='bbox 843 564 1050 636; x_wconf 78' lang='lat'>-164-</span> 
     </span>
    </p>
   </div>
   <div class='ocr_carea' id='block_1_2' title="bbox 336 709 1556 3892">
    <p class='ocr_par' dir='ltr' id='par_1_2' title="bbox 339 709 1556 1114">
     <span class='ocr_line' id='line_1_2' title="bbox 342 709 1554 788; baseline 0.006 -19"><span class='ocrx_word' id='word_1_2' title='bbox 342 709 454 770; x_wconf 88' lang='lat' dir='ltr'>aadem</span> <span class='ocrx_word' id='word_1_3' title='bbox 466 727 498 770; x_wconf 91' lang='lat' dir='ltr'>re</span> <span class='ocrx_word' id='word_1_4' title='bbox 515 713 649 771; x_wconf 83' lang='lat' dir='ltr'>senserit</span> <span class='ocrx_word' id='word_1_5' title='bbox 659 713 835 774; x_wconf 89' lang='lat' dir='ltr'>Leibuitius</span> <span class='ocrx_word' id='word_1_6' title='bbox 852 732 858 786; x_wconf 93' lang='grc'>;</span> <span class='ocrx_word' id='word_1_7' title='bbox 878 731 953 774; x_wconf 88' lang='lat' dir='ltr'>eum</span> <span class='ocrx_word' id='word_1_8' title='bbox 969 715 1055 774; x_wconf 91' lang='lat' dir='ltr'>enim</span> <span class='ocrx_word' id='word_1_9' title='bbox 1071 715 1120 773; x_wconf 90' lang='lat' dir='ltr'>sui</span> <span class='ocrx_word' id='word_1_10' title='bbox 1136 718 1318 787; x_wconf 68' lang='lat' dir='ltr'>sectatores</span> <span class='ocrx_word' id='word_1_11' title='bbox 1336 717 1432 775; x_wconf 92' lang='lat' dir='ltr'>solito</span> <span class='ocrx_word' id='word_1_12' title='bbox 1451 734 1554 788; x_wconf 86' lang='lat' dir='ltr'>more,</span> 
     </span>
     <span class='ocr_line' id='line_1_3' title="bbox 341 819 1556 902; baseline 0.003 -24"><span class='ocrx_word' id='word_1_13' title='bbox 341 819 477 880; x_wconf 81' lang='lat' dir='ltr'>libenter</span> <span class='ocrx_word' id='word_1_14' title='bbox 492 819 680 898; x_wconf 78' lang='lat' dir='ltr'>depingunt,</span> <span class='ocrx_word' id='word_1_15' title='bbox 696 825 861 899; x_wconf 84' lang='lat' dir='ltr'><strong>tamquam</strong></span> <span class='ocrx_word' id='word_1_16' title='bbox 877 822 932 900; x_wconf 93' lang='lat' dir='ltr'>qui</span> <span class='ocrx_word' id='word_1_17' title='bbox 949 822 1074 898; x_wconf 92' lang='lat' dir='ltr'>primus</span> <span class='ocrx_word' id='word_1_18' title='bbox 1090 839 1226 898; x_wconf 90' lang='lat' dir='ltr'>aequam</span> <span class='ocrx_word' id='word_1_19' title='bbox 1254 821 1292 881; x_wconf 91' lang='lat' dir='ltr'>de</span> <span class='ocrx_word' id='word_1_20' title='bbox 1322 821 1467 882; x_wconf 82' lang='lat' dir='ltr'>dialectis</span> <span class='ocrx_word' id='word_1_21' title='bbox 1483 822 1556 902; x_wconf 89' lang='lat' dir='ltr'>opi-</span> 
     </span>
     <span class='ocr_line' id='line_1_4' title="bbox 339 926 1552 1005; baseline 0.002 -19"><span class='ocrx_word' id='word_1_22' title='bbox 339 926 472 986; x_wconf 90' lang='lat' dir='ltr'>nionem</span> <span class='ocrx_word' id='word_1_23' title='bbox 499 927 687 1005; x_wconf 88' lang='lat' dir='ltr'>produxerit</span> <span class='ocrx_word' id='word_1_24' title='bbox 707 933 739 988; x_wconf 86' lang='lat' dir='ltr'>et</span> <span class='ocrx_word' id='word_1_25' title='bbox 764 929 972 988; x_wconf 86' lang='lat' dir='ltr'>manifestum</span> <span class='ocrx_word' id='word_1_26' title='bbox 999 927 1130 988; x_wconf 89' lang='lat' dir='ltr'>taudem</span> <span class='ocrx_word' id='word_1_27' title='bbox 1154 926 1277 1000; x_wconf 87' lang='lat' dir='ltr'>fecerit,</span> <span class='ocrx_word' id='word_1_28' title='bbox 1306 931 1465 1004; x_wconf 90' lang='lat' dir='ltr'>quantum</span> <span class='ocrx_word' id='word_1_29' title='bbox 1493 945 1552 988; x_wconf 87' lang='lat' dir='ltr'>eae</span> 
     </span>
     <span class='ocr_line' id='line_1_5' title="bbox 341 1035 1039 1114; baseline 0 -20"><span class='ocrx_word' id='word_1_30' title='bbox 341 1036 567 1114; x_wconf 91' lang='lat' dir='ltr'>locupletando</span> <span class='ocrx_word' id='word_1_31' title='bbox 580 1036 720 1097; x_wconf 90' lang='lat' dir='ltr'>sermoni</span> <span class='ocrx_word' id='word_1_32' title='bbox 732 1035 884 1114; x_wconf 86' lang='lat' dir='ltr'>prodesse</span> <span class='ocrx_word' id='word_1_33' title='bbox 897 1039 1039 1113; x_wconf 82' lang='lat' dir='ltr'>possent.</span> 
     </span>
    </p>

    <p class='ocr_par' dir='ltr' id='par_1_3' title="bbox 338 1138 1556 2395">
     <span class='ocr_line' id='line_1_6' title="bbox 379 1138 1556 1215; baseline -0.001 -14"><span class='ocrx_word' id='word_1_34' title='bbox 379 1142 500 1203; x_wconf 85' lang='lat' dir='ltr'>Rursus</span> <span class='ocrx_word' id='word_1_35' title='bbox 513 1148 622 1203; x_wconf 92' lang='lat' dir='ltr'>autem</span> <span class='ocrx_word' id='word_1_36' title='bbox 638 1143 738 1203; x_wconf 91' lang='lat' dir='ltr'>cuivis</span> <span class='ocrx_word' id='word_1_37' title='bbox 750 1143 886 1215; x_wconf 82' lang='lat' dir='ltr'>homini,</span> <span class='ocrx_word' id='word_1_38' title='bbox 903 1143 987 1203; x_wconf 88' lang='lat' dir='ltr'>faeta</span> <span class='ocrx_word' id='word_1_39' title='bbox 1000 1142 1068 1201; x_wconf 88' lang='lat' dir='ltr'>siue</span> <span class='ocrx_word' id='word_1_40' title='bbox 1083 1141 1130 1200; x_wconf 90' lang='lat' dir='ltr'>ira</span> <span class='ocrx_word' id='word_1_41' title='bbox 1146 1144 1201 1199; x_wconf 90' lang='lat' dir='ltr'>aut</span> <span class='ocrx_word' id='word_1_42' title='bbox 1216 1138 1322 1199; x_wconf 88' lang='lat' dir='ltr'>studio</span> <span class='ocrx_word' id='word_1_43' title='bbox 1338 1140 1489 1214; x_wconf 78' lang='lat' dir='ltr'>intuenti,</span> <span class='ocrx_word' id='word_1_44' title='bbox 1503 1152 1556 1200; x_wconf 86' lang='lat' dir='ltr'>res</span> 
     </span>
     <span class='ocr_line' id='line_1_7' title="bbox 339 1248 1555 1329; baseline -0.002 -19"><span class='ocrx_word' id='word_1_45' title='bbox 339 1251 433 1328; x_wconf 89' lang='lat' dir='ltr'>longe</span> <span class='ocrx_word' id='word_1_46' title='bbox 448 1268 539 1312; x_wconf 91' lang='lat' dir='ltr'>secus</span> <span class='ocrx_word' id='word_1_47' title='bbox 553 1255 695 1329; x_wconf 80' lang='lat' dir='ltr'>apparet,</span> <span class='ocrx_word' id='word_1_48' title='bbox 715 1268 776 1311; x_wconf 91' lang='lat' dir='ltr'>uec</span> <span class='ocrx_word' id='word_1_49' title='bbox 789 1251 860 1328; x_wconf 89' lang='lat' dir='ltr'>ejus</span> <span class='ocrx_word' id='word_1_50' title='bbox 883 1267 979 1328; x_wconf 90' lang='lat' dir='ltr'>opera</span> <span class='ocrx_word' id='word_1_51' title='bbox 1001 1249 1161 1308; x_wconf 86' lang='lat' dir='ltr'>evolventi</span> <span class='ocrx_word' id='word_1_52' title='bbox 1175 1248 1219 1307; x_wconf 91' lang='lat' dir='ltr'>ita</span> <span class='ocrx_word' id='word_1_53' title='bbox 1242 1248 1373 1326; x_wconf 88' lang='lat' dir='ltr'>copiosa</span> <span class='ocrx_word' id='word_1_54' title='bbox 1397 1249 1555 1325; x_wconf 88' lang='lat' dir='ltr'>firmaque</span> 
     </span>
     <span class='ocr_line' id='line_1_8' title="bbox 339 1354 1555 1435; baseline -0.003 -19"><span class='ocrx_word' id='word_1_55' title='bbox 339 1360 513 1417; x_wconf 91' lang='lat' dir='ltr'>occurrunt</span> <span class='ocrx_word' id='word_1_56' title='bbox 524 1356 730 1429; x_wconf 85' lang='lat' dir='ltr'>documenta,</span> <span class='ocrx_word' id='word_1_57' title='bbox 747 1360 782 1417; x_wconf 94' lang='lat' dir='ltr'>ut</span> <span class='ocrx_word' id='word_1_58' title='bbox 795 1356 900 1435; x_wconf 90' lang='lat' dir='ltr'>primo</span> <span class='ocrx_word' id='word_1_59' title='bbox 914 1354 1067 1432; x_wconf 87' lang='lat' dir='ltr'>adspectu</span> <span class='ocrx_word' id='word_1_60' title='bbox 1082 1354 1201 1414; x_wconf 87' lang='lat' dir='ltr'>fuerint</span> <span class='ocrx_word' id='word_1_61' title='bbox 1211 1356 1367 1433; x_wconf 90' lang='lat' dir='ltr'>reputata.</span> <span class='ocrx_word' id='word_1_62' title='bbox 1391 1354 1452 1414; x_wconf 85' lang='lat' dir='ltr'>Vix</span> <span class='ocrx_word' id='word_1_63' title='bbox 1467 1355 1555 1414; x_wconf 87' lang='lat' dir='ltr'>enim</span> 
     </span>
     <span class='ocr_line' id='line_1_9' title="bbox 339 1457 1554 1540; baseline -0.003 -18"><span class='ocrx_word' id='word_1_64' title='bbox 339 1461 496 1540; x_wconf 91' lang='lat' dir='ltr'>quaedam</span> <span class='ocrx_word' id='word_1_65' title='bbox 513 1462 567 1522; x_wconf 91' lang='lat' dir='ltr'>hic</span> <span class='ocrx_word' id='word_1_66' title='bbox 589 1463 657 1522; x_wconf 91' lang='lat' dir='ltr'>illic</span> <span class='ocrx_word' id='word_1_67' title='bbox 670 1479 778 1540; x_wconf 90' lang='lat' dir='ltr'>sparsa</span> <span class='ocrx_word' id='word_1_68' title='bbox 792 1462 944 1539; x_wconf 76' lang='lat' dir='ltr'>reperias,</span> <span class='ocrx_word' id='word_1_69' title='bbox 958 1461 1075 1538; x_wconf 90' lang='lat' dir='ltr'>quibus</span> <span class='ocrx_word' id='word_1_70' title='bbox 1087 1460 1137 1519; x_wconf 93' lang='lat' dir='ltr'>vel</span> <span class='ocrx_word' id='word_1_71' title='bbox 1153 1463 1271 1531; x_wconf 78' lang='lat' dir='ltr'>censet,</span> <span class='ocrx_word' id='word_1_72' title='bbox 1285 1457 1372 1536; x_wconf 94' lang='lat' dir='ltr'>quod</span> <span class='ocrx_word' id='word_1_73' title='bbox 1385 1459 1470 1518; x_wconf 91' lang='lat' dir='ltr'>nulli</span> <span class='ocrx_word' id='word_1_74' title='bbox 1482 1460 1554 1537; x_wconf 89' lang='lat' dir='ltr'>jam</span> 
     </span>
     <span class='ocr_line' id='line_1_10' title="bbox 338 1565 1555 1647; baseline -0.005 -18"><span class='ocrx_word' id='word_1_75' title='bbox 338 1570 481 1647; x_wconf 86' lang='lat' dir='ltr'>prolecto</span> <span class='ocrx_word' id='word_1_76' title='bbox 493 1569 629 1630; x_wconf 90' lang='lat' dir='ltr'>dubium</span> <span class='ocrx_word' id='word_1_77' title='bbox 642 1573 697 1630; x_wconf 92' lang='lat' dir='ltr'>aut</span> <span class='ocrx_word' id='word_1_78' title='bbox 711 1586 831 1630; x_wconf 91' lang='lat' dir='ltr'>novum</span> <span class='ocrx_word' id='word_1_79' title='bbox 847 1572 924 1639; x_wconf 74' lang='lat' dir='ltr'>erat,</span> <span class='ocrx_word' id='word_1_80' title='bbox 937 1567 1045 1644; x_wconf 87' lang='lat' dir='ltr'>magni</span> <span class='ocrx_word' id='word_1_81' title='bbox 1061 1565 1216 1626; x_wconf 84' lang='lat' dir='ltr'>momenti</span> <span class='ocrx_word' id='word_1_82' title='bbox 1226 1582 1293 1624; x_wconf 89' lang='lat' dir='ltr'>esse</span> <span class='ocrx_word' id='word_1_83' title='bbox 1310 1569 1346 1624; x_wconf 89' lang='lat' dir='ltr'>ut</span> <span class='ocrx_word' id='word_1_84' title='bbox 1360 1566 1555 1644; x_wconf 88' lang='lat' dir='ltr'>colligantur</span> 
     </span>
     <span class='ocr_line' id='line_1_11' title="bbox 340 1672 1554 1754; baseline -0.005 -18"><span class='ocrx_word' id='word_1_85' title='bbox 340 1676 537 1754; x_wconf 83' lang='lat' dir='ltr'>antiquiores</span> <span class='ocrx_word' id='word_1_86' title='bbox 582 1694 618 1736; x_wconf 92' lang='lat' dir='ltr'>ac</span> <span class='ocrx_word' id='word_1_87' title='bbox 660 1675 852 1737; x_wconf 81' lang='lat' dir='ltr'>recentiores</span> <span class='ocrx_word' id='word_1_88' title='bbox 886 1674 1135 1734; x_wconf 91' lang='lat' dir='ltr'>vernaculorum</span> <span class='ocrx_word' id='word_1_89' title='bbox 1171 1687 1358 1732; x_wconf 86' lang='lat' dir='ltr'>sermonum</span> <span class='ocrx_word' id='word_1_90' title='bbox 1403 1672 1554 1750; x_wconf 87' lang='lat' dir='ltr'>propriae</span> 
     </span>
     <span class='ocr_line' id='line_1_12' title="bbox 339 1777 1554 1861; baseline -0.003 -19"><span class='ocrx_word' id='word_1_91' title='bbox 339 1800 432 1843; x_wconf 89' lang='lat' dir='ltr'>voces</span> <span class='ocrx_word' id='word_1_92' title='bbox 449 1783 501 1861; x_wconf 85' lang='grc'>(1),</span> <span class='ocrx_word' id='word_1_93' title='bbox 514 1783 564 1842; x_wconf 92' lang='lat' dir='ltr'>vel</span> <span class='ocrx_word' id='word_1_94' title='bbox 576 1782 755 1861; x_wconf 87' lang='lat' dir='ltr'>Menagium</span> <span class='ocrx_word' id='word_1_95' title='bbox 771 1782 814 1840; x_wconf 91' lang='lat' dir='ltr'>ait</span> <span class='ocrx_word' id='word_1_96' title='bbox 829 1781 950 1859; x_wconf 88' lang='lat' dir='ltr'>optime</span> <span class='ocrx_word' id='word_1_97' title='bbox 963 1779 1163 1857; x_wconf 79' lang='lat' dir='ltr'>cogitavisse,</span> <span class='ocrx_word' id='word_1_98' title='bbox 1179 1795 1254 1838; x_wconf 92' lang='lat' dir='ltr'>cum</span> <span class='ocrx_word' id='word_1_99' title='bbox 1266 1777 1395 1838; x_wconf 88' lang='lat' dir='ltr'>easdem</span> <span class='ocrx_word' id='word_1_100' title='bbox 1411 1779 1444 1838; x_wconf 93' lang='lat' dir='ltr'>in</span> <span class='ocrx_word' id='word_1_101' title='bbox 1459 1796 1554 1839; x_wconf 90' lang='lat' dir='ltr'>suum</span> 
     </span>
     <span class='ocr_line' id='line_1_13' title="bbox 340 1885 1553 1967; baseline -0.003 -19"><span class='ocrx_word' id='word_1_102' title='bbox 340 1888 472 1950; x_wconf 79' lang='lat' dir='ltr'>Lericorr</span> <span class='ocrx_word' id='word_1_103' title='bbox 488 1890 642 1967; x_wconf 85' lang='lat' dir='ltr'>receperit</span> <span class='ocrx_word' id='word_1_104' title='bbox 659 1889 713 1966; x_wconf 71' lang='lat'>(⁶2),</span> <span class='ocrx_word' id='word_1_105' title='bbox 728 1889 889 1949; x_wconf 84' lang='lat' dir='ltr'>breviores</span> <span class='ocrx_word' id='word_1_106' title='bbox 913 1886 1027 1947; x_wconf 89' lang='lat' dir='ltr'>deinde</span> <span class='ocrx_word' id='word_1_107' title='bbox 1042 1887 1162 1964; x_wconf 90' lang='lat' dir='ltr'>passim</span> <span class='ocrx_word' id='word_1_108' title='bbox 1173 1885 1263 1962; x_wconf 83' lang='lat' dir='ltr'>quasi</span> <span class='ocrx_word' id='word_1_109' title='bbox 1280 1903 1356 1945; x_wconf 93' lang='lat' dir='ltr'>casu</span> <span class='ocrx_word' id='word_1_110' title='bbox 1370 1886 1553 1964; x_wconf 87' lang='lat' dir='ltr'>interjectas</span> 
     </span>
     <span class='ocr_line' id='line_1_14' title="bbox 339 1992 1553 2073; baseline -0.001 -18"><span class='ocrx_word' id='word_1_111' title='bbox 339 1997 508 2073; x_wconf 90' lang='lat' dir='ltr'>opiniones</span> <span class='ocrx_word' id='word_1_112' title='bbox 525 2014 581 2056; x_wconf 91' lang='lat' dir='ltr'>seu</span> <span class='ocrx_word' id='word_1_113' title='bbox 598 1994 635 2056; x_wconf 87' lang='lat' dir='ltr'>dc</span> <span class='ocrx_word' id='word_1_114' title='bbox 649 1996 778 2056; x_wconf 81' lang='lat' dir='ltr'>conciso</span> <span class='ocrx_word' id='word_1_115' title='bbox 794 1996 971 2055; x_wconf 89' lang='lat' dir='ltr'>multarum</span> <span class='ocrx_word' id='word_1_116' title='bbox 994 1992 1207 2054; x_wconf 85' lang='lat' dir='ltr'>dialectorum</span> <span class='ocrx_word' id='word_1_117' title='bbox 1232 1994 1386 2053; x_wconf 88' lang='lat' dir='ltr'>brevitate</span> <span class='ocrx_word' id='word_1_118' title='bbox 1402 1994 1436 2052; x_wconf 90' lang='lat' dir='ltr'>in</span> <span class='ocrx_word' id='word_1_119' title='bbox 1452 2011 1553 2054; x_wconf 90' lang='lat' dir='ltr'>enun-</span> 
     </span>
     <span class='ocr_line' id='line_1_15' title="bbox 338 2099 1553 2180; baseline -0.001 -18"><span class='ocrx_word' id='word_1_120' title='bbox 338 2101 456 2162; x_wconf 90' lang='lat' dir='ltr'>tiandis</span> <span class='ocrx_word' id='word_1_121' title='bbox 467 2102 661 2180; x_wconf 90' lang='lat' dir='ltr'>quibusdam</span> <span class='ocrx_word' id='word_1_122' title='bbox 671 2103 913 2175; x_wconf 76' lang='lat' dir='ltr'>sententiiS,seu</span> <span class='ocrx_word' id='word_1_123' title='bbox 930 2099 1087 2161; x_wconf 84' lang='lat' dir='ltr'>defructu</span> <span class='ocrx_word' id='word_1_124' title='bbox 1102 2099 1142 2159; x_wconf 91' lang='lat' dir='ltr'>ad</span> <span class='ocrx_word' id='word_1_125' title='bbox 1156 2099 1414 2177; x_wconf 92' lang='lat' dir='ltr'>promovendum</span> <span class='ocrx_word' id='word_1_126' title='bbox 1429 2106 1553 2180; x_wconf 92' lang='lat' dir='ltr'>etymo-</span> 
     </span>
     <span class='ocr_line' id='line_1_16' title="bbox 339 2206 1553 2287; baseline -0.001 -19"><span class='ocrx_word' id='word_1_127' title='bbox 339 2209 443 2287; x_wconf 90' lang='lat' dir='ltr'>logiae</span> <span class='ocrx_word' id='word_1_128' title='bbox 473 2207 617 2270; x_wconf 91' lang='lat' dir='ltr'>studium</span> <span class='ocrx_word' id='word_1_129' title='bbox 653 2227 690 2269; x_wconf 85' lang='lat' dir='ltr'>ex</span> <span class='ocrx_word' id='word_1_130' title='bbox 719 2208 833 2269; x_wconf 89' lang='lat' dir='ltr'>iisdem</span> <span class='ocrx_word' id='word_1_131' title='bbox 873 2206 1042 2268; x_wconf 89' lang='lat' dir='ltr'>sumendo.</span> <span class='ocrx_word' id='word_1_132' title='bbox 1072 2209 1201 2267; x_wconf 83' lang='lat' dir='ltr'>Frustra</span> <span class='ocrx_word' id='word_1_133' title='bbox 1237 2212 1345 2267; x_wconf 89' lang='lat' dir='ltr'>autem</span> <span class='ocrx_word' id='word_1_134' title='bbox 1375 2207 1553 2286; x_wconf 90' lang='lat' dir='ltr'>quidquam</span> 
     </span>
     <span class='ocr_line' id='line_1_17' title="bbox 338 2315 710 2395; baseline -0.005 -18"><span class='ocrx_word' id='word_1_135' title='bbox 338 2316 479 2395; x_wconf 88' lang='lat' dir='ltr'>amplius</span> <span class='ocrx_word' id='word_1_136' title='bbox 495 2316 641 2393; x_wconf 88' lang='lat' dir='ltr'>requiras</span> <span class='ocrx_word' id='word_1_137' title='bbox 656 2315 710 2395; x_wconf 82' lang='lat'><strong>(3).</strong></span> 
     </span>
    </p>

    <p class='ocr_par' dir='ltr' id='par_1_4' title="bbox 336 2419 1553 3892">
     <span class='ocr_line' id='line_1_18' title="bbox 379 2419 1553 2496; baseline -0.003 -13"><span class='ocrx_word' id='word_1_138' title='bbox 379 2423 465 2496; x_wconf 85' lang='lat' dir='ltr'>Quae</span> <span class='ocrx_word' id='word_1_139' title='bbox 486 2427 594 2483; x_wconf 90' lang='lat' dir='ltr'>tamen</span> <span class='ocrx_word' id='word_1_140' title='bbox 618 2422 655 2482; x_wconf 93' lang='lat' dir='ltr'>de</span> <span class='ocrx_word' id='word_1_141' title='bbox 681 2419 913 2483; x_wconf 86' lang='lat' dir='ltr'>constituendis</span> <span class='ocrx_word' id='word_1_142' title='bbox 943 2423 974 2480; x_wconf 91' lang='lat' dir='ltr'>et</span> <span class='ocrx_word' id='word_1_143' title='bbox 1004 2422 1150 2479; x_wconf 90' lang='lat' dir='ltr'>accurate</span> <span class='ocrx_word' id='word_1_144' title='bbox 1179 2419 1342 2479; x_wconf 90' lang='lat' dir='ltr'>servandis</span> <span class='ocrx_word' id='word_1_145' title='bbox 1374 2420 1457 2481; x_wconf 89' lang='lat' dir='ltr'>inter</span> <span class='ocrx_word' id='word_1_146' title='bbox 1486 2420 1553 2481; x_wconf 88' lang='lat' dir='ltr'>dia-</span> 
     </span>
     <span class='ocr_line' id='line_1_19' title="bbox 340 2526 1552 2607; baseline -0.002 -17"><span class='ocrx_word' id='word_1_147' title='bbox 340 2531 438 2590; x_wconf 89' lang='lat' dir='ltr'>lectos</span> <span class='ocrx_word' id='word_1_148' title='bbox 454 2530 690 2607; x_wconf 87' lang='lat' dir='ltr'>cultioremque</span> <span class='ocrx_word' id='word_1_149' title='bbox 706 2529 850 2607; x_wconf 89' lang='lat' dir='ltr'>linguam</span> <span class='ocrx_word' id='word_1_150' title='bbox 864 2527 981 2587; x_wconf 88' lang='lat' dir='ltr'>finibus</span> <span class='ocrx_word' id='word_1_151' title='bbox 995 2543 1032 2586; x_wconf 90' lang='lat' dir='ltr'>ac</span> <span class='ocrx_word' id='word_1_152' title='bbox 1046 2526 1191 2586; x_wconf 89' lang='lat' dir='ltr'>terminis</span> <span class='ocrx_word' id='word_1_153' title='bbox 1215 2528 1404 2603; x_wconf 89' lang='lat' dir='ltr'>praescribit</span> <span class='ocrx_word' id='word_1_154' title='bbox 1427 2528 1552 2588; x_wconf 91' lang='lat' dir='ltr'>Morho-</span> 
     </span>
     <span class='ocr_line' id='line_1_20' title="bbox 340 2633 1550 2713; baseline -0.001 -17"><span class='ocrx_word' id='word_1_155' title='bbox 340 2638 411 2711; x_wconf 78' lang='lat' dir='ltr'>fius,</span> <span class='ocrx_word' id='word_1_156' title='bbox 426 2655 492 2697; x_wconf 89' lang='lat' dir='ltr'>uon</span> <span class='ocrx_word' id='word_1_157' title='bbox 518 2638 563 2696; x_wconf 90' lang='lat' dir='ltr'>ita</span> <span class='ocrx_word' id='word_1_158' title='bbox 588 2640 663 2697; x_wconf 92' lang='lat' dir='ltr'>sunt</span> <span class='ocrx_word' id='word_1_159' title='bbox 692 2634 911 2713; x_wconf 78' lang='lat' dir='ltr'>intelligenda,</span> <span class='ocrx_word' id='word_1_160' title='bbox 933 2638 969 2694; x_wconf 93' lang='lat' dir='ltr'>ut</span> <span class='ocrx_word' id='word_1_161' title='bbox 990 2633 1180 2711; x_wconf 91' lang='lat' dir='ltr'>popularem</span> <span class='ocrx_word' id='word_1_162' title='bbox 1201 2634 1326 2710; x_wconf 88' lang='lat' dir='ltr'>poesim</span> <span class='ocrx_word' id='word_1_163' title='bbox 1348 2639 1550 2695; x_wconf 89' lang='lat' dir='ltr'>contemnere</span> 
     </span>
     <span class='ocr_line' id='line_1_21' title="bbox 339 2739 1552 2820; baseline -0.001 -17"><span class='ocrx_word' id='word_1_164' title='bbox 339 2743 495 2804; x_wconf 90' lang='lat' dir='ltr'>videatur.</span> <span class='ocrx_word' id='word_1_165' title='bbox 512 2744 626 2814; x_wconf 80' lang='lat' dir='ltr'>Immo,</span> <span class='ocrx_word' id='word_1_166' title='bbox 651 2740 927 2820; x_wconf 87' lang='lat' dir='ltr'>quemadmodum</span> <span class='ocrx_word' id='word_1_167' title='bbox 948 2756 1062 2817; x_wconf 90' lang='lat' dir='ltr'>puram</span> <span class='ocrx_word' id='word_1_168' title='bbox 1087 2744 1117 2799; x_wconf 89' lang='lat' dir='ltr'>et</span> <span class='ocrx_word' id='word_1_169' title='bbox 1131 2739 1271 2799; x_wconf 90' lang='lat' dir='ltr'>vividam</span> <span class='ocrx_word' id='word_1_170' title='bbox 1295 2740 1382 2817; x_wconf 91' lang='lat' dir='ltr'>vulgi</span> <span class='ocrx_word' id='word_1_171' title='bbox 1407 2742 1552 2819; x_wconf 86' lang='lat' dir='ltr'>linguam</span> 
     </span>
     <span class='ocr_line' id='line_1_22' title="bbox 337 2845 1551 2929; baseline -0.004 -17"><span class='ocrx_word' id='word_1_172' title='bbox 337 2869 413 2929; x_wconf 88' lang='lat' dir='ltr'>prae</span> <span class='ocrx_word' id='word_1_173' title='bbox 429 2852 541 2912; x_wconf 89' lang='lat' dir='ltr'>ceteris</span> <span class='ocrx_word' id='word_1_174' title='bbox 570 2851 729 2923; x_wconf 77' lang='lat' dir='ltr'>aestimat,</span> <span class='ocrx_word' id='word_1_175' title='bbox 760 2850 804 2909; x_wconf 89' lang='lat' dir='ltr'>ita</span> <span class='ocrx_word' id='word_1_176' title='bbox 828 2845 963 2908; x_wconf 87' lang='lat' dir='ltr'>candide</span> <span class='ocrx_word' id='word_1_177' title='bbox 987 2850 1017 2906; x_wconf 89' lang='lat' dir='ltr'>et</span> <span class='ocrx_word' id='word_1_178' title='bbox 1039 2847 1106 2906; x_wconf 90' lang='lat' dir='ltr'>sine</span> <span class='ocrx_word' id='word_1_179' title='bbox 1130 2845 1204 2905; x_wconf 87' lang='lat' dir='ltr'>luco</span> <span class='ocrx_word' id='word_1_180' title='bbox 1224 2845 1353 2906; x_wconf 90' lang='lat' dir='ltr'>condita</span> <span class='ocrx_word' id='word_1_181' title='bbox 1378 2848 1551 2925; x_wconf 88' lang='lat' dir='ltr'>praecipuo</span> 
     </span>
     <span class='ocr_line' id='line_1_23' title="bbox 338 2953 1552 3037; baseline -0.002 -18"><span class='ocrx_word' id='word_1_182' title='bbox 338 2960 544 3037; x_wconf 89' lang='lat' dir='ltr'>amplectitur</span> <span class='ocrx_word' id='word_1_183' title='bbox 557 2975 677 3030; x_wconf 82' lang='lat' dir='ltr'>amore,</span> <span class='ocrx_word' id='word_1_184' title='bbox 692 2973 755 3019; x_wconf 89' lang='lat' dir='ltr'>nec</span> <span class='ocrx_word' id='word_1_185' title='bbox 769 2956 862 3016; x_wconf 79' lang='lat' dir='ltr'>facile</span> <span class='ocrx_word' id='word_1_186' title='bbox 879 2971 1077 3032; x_wconf 89' lang='lat' dir='ltr'>quemquam</span> <span class='ocrx_word' id='word_1_187' title='bbox 1093 2953 1149 3012; x_wconf 90' lang='lat' dir='ltr'>illo</span> <span class='ocrx_word' id='word_1_188' title='bbox 1165 2957 1307 3029; x_wconf 91' lang='lat' dir='ltr'>tempore</span> <span class='ocrx_word' id='word_1_189' title='bbox 1325 2954 1481 3028; x_wconf 77' lang='lat' dir='ltr'>invenias,</span> <span class='ocrx_word' id='word_1_190' title='bbox 1498 2961 1552 3032; x_wconf 91' lang='lat' dir='ltr'>qui</span> 
     </span>
     <span class='ocr_line' id='line_1_24' title="bbox 337 3061 1552 3140; baseline -0.004 -14"><span class='ocrx_word' id='word_1_191' title='bbox 337 3066 515 3126; x_wconf 84' lang='lat' dir='ltr'>lohannem</span> <span class='ocrx_word' id='word_1_192' title='bbox 542 3064 722 3136; x_wconf 74' lang='lat' dir='ltr'>Sachsium</span> <span class='ocrx_word' id='word_1_193' title='bbox 745 3063 784 3123; x_wconf 90' lang='lat' dir='ltr'>ab</span> <span class='ocrx_word' id='word_1_194' title='bbox 807 3062 912 3140; x_wconf 85' lang='lat' dir='ltr'>Opitio</span> <span class='ocrx_word' id='word_1_195' title='bbox 937 3061 1020 3120; x_wconf 90' lang='lat' dir='ltr'>inter</span> <span class='ocrx_word' id='word_1_196' title='bbox 1043 3063 1205 3137; x_wconf 82' lang='lat' dir='ltr'>vagantes,</span> <span class='ocrx_word' id='word_1_197' title='bbox 1230 3076 1310 3136; x_wconf 91' lang='lat' dir='ltr'>quos</span> <span class='ocrx_word' id='word_1_198' title='bbox 1335 3083 1349 3114; x_wconf 92' lang='lat'>«</span> <span class='ocrx_word' id='word_1_199' title='bbox 1373 3061 1552 3121; x_wconf 89' lang='lat' dir='ltr'>Pritseheu-</span> 
     </span>
     <span class='ocr_line' id='line_1_25' title="bbox 337 3167 1549 3251; baseline -0.003 -19"><span class='ocrx_word' id='word_1_200' title='bbox 337 3173 467 3232; x_wconf 90' lang='lat' dir='ltr'>meister</span> <span class='ocrx_word' id='word_1_201' title='bbox 483 3195 497 3226; x_wconf 89' lang='lat'>»</span> <span class='ocrx_word' id='word_1_202' title='bbox 515 3172 688 3251; x_wconf 85' lang='lat' dir='ltr'>appellant,</span> <span class='ocrx_word' id='word_1_203' title='bbox 709 3173 820 3248; x_wconf 89' lang='lat' dir='ltr'>poetas</span> <span class='ocrx_word' id='word_1_204' title='bbox 844 3170 1032 3246; x_wconf 79' lang='lat' dir='ltr'>relegatum,</span> <span class='ocrx_word' id='word_1_205' title='bbox 1058 3167 1179 3244; x_wconf 87' lang='lat' dir='ltr'>majore</span> <span class='ocrx_word' id='word_1_206' title='bbox 1201 3168 1361 3228; x_wconf 90' lang='lat' dir='ltr'>ornaverit</span> <span class='ocrx_word' id='word_1_207' title='bbox 1384 3169 1507 3245; x_wconf 90' lang='lat' dir='ltr'>laude(</span> <span class='ocrx_word' id='word_1_208' title='bbox 1528 3173 1549 3244; x_wconf 92' lang='grc'>).</span> 
     </span>
     <span class='ocr_line' id='line_1_26' title="bbox 337 3276 1552 3358; baseline -0.004 -17"><span class='ocrx_word' id='word_1_209' title='bbox 337 3283 493 3358; x_wconf 78' lang='lat' dir='ltr'>Namque,</span> <span class='ocrx_word' id='word_1_210' title='bbox 518 3278 596 3341; x_wconf 89' lang='lat' dir='ltr'>dum</span> <span class='ocrx_word' id='word_1_211' title='bbox 621 3279 757 3340; x_wconf 90' lang='lat' dir='ltr'>summis</span> <span class='ocrx_word' id='word_1_212' title='bbox 784 3277 906 3336; x_wconf 90' lang='lat' dir='ltr'>viribus</span> <span class='ocrx_word' id='word_1_213' title='bbox 932 3276 1046 3334; x_wconf 89' lang='lat' dir='ltr'>nititur</span> <span class='ocrx_word' id='word_1_214' title='bbox 1073 3278 1184 3334; x_wconf 90' lang='lat' dir='ltr'>contra</span> <span class='ocrx_word' id='word_1_215' title='bbox 1214 3291 1251 3334; x_wconf 89' lang='lat' dir='ltr'>ea</span> <span class='ocrx_word' id='word_1_216' title='bbox 1277 3292 1370 3352; x_wconf 81' lang='lat' dir='ltr'>quae,</span> <span class='ocrx_word' id='word_1_217' title='bbox 1387 3279 1552 3353; x_wconf 92' lang='lat' dir='ltr'>tamquam</span> 
     </span>
     <span class='ocr_line' id='line_1_27' title="bbox 338 3380 1552 3462; baseline -0.002 -17"><span class='ocrx_word' id='word_1_218' title='bbox 338 3410 353 3441; x_wconf 91' lang='lat'>«</span> <span class='ocrx_word' id='word_1_219' title='bbox 369 3392 502 3448; x_wconf 89' lang='lat' dir='ltr'>naturae</span> <span class='ocrx_word' id='word_1_220' title='bbox 516 3386 654 3446; x_wconf 86' lang='lat' dir='ltr'>maxime</span> <span class='ocrx_word' id='word_1_221' title='bbox 672 3384 883 3462; x_wconf 86' lang='lat' dir='ltr'>congruentia</span> <span class='ocrx_word' id='word_1_222' title='bbox 898 3405 926 3457; x_wconf 84' lang='grc'>»,</span> <span class='ocrx_word' id='word_1_223' title='bbox 940 3381 1169 3460; x_wconf 87' lang='lat' dir='ltr'>praedicabant</span> <span class='ocrx_word' id='word_1_224' title='bbox 1183 3380 1324 3440; x_wconf 91' lang='lat' dir='ltr'>Weisius</span> <span class='ocrx_word' id='word_1_225' title='bbox 1338 3382 1474 3460; x_wconf 90' lang='lat' dir='ltr'>ejusque</span> <span class='ocrx_word' id='word_1_226' title='bbox 1490 3382 1552 3442; x_wconf 93' lang='lat' dir='ltr'>dis-</span> 
     </span>
     <span class='ocr_line' id='line_1_28' title="bbox 337 3485 1550 3572; baseline -0.004 -18"><span class='ocrx_word' id='word_1_227' title='bbox 337 3493 448 3572; x_wconf 82' lang='lat' dir='ltr'>cipuli,</span> <span class='ocrx_word' id='word_1_228' title='bbox 480 3498 511 3553; x_wconf 89' lang='lat' dir='ltr'>et</span> <span class='ocrx_word' id='word_1_229' title='bbox 539 3511 576 3553; x_wconf 90' lang='lat' dir='ltr'>ea</span> <span class='ocrx_word' id='word_1_230' title='bbox 605 3491 745 3552; x_wconf 91' lang='lat' dir='ltr'>ostendit</span> <span class='ocrx_word' id='word_1_231' title='bbox 773 3491 892 3550; x_wconf 89' lang='lat' dir='ltr'>rustica</span> <span class='ocrx_word' id='word_1_232' title='bbox 919 3489 1026 3566; x_wconf 91' lang='lat' dir='ltr'>potius</span> <span class='ocrx_word' id='word_1_233' title='bbox 1051 3492 1083 3547; x_wconf 91' lang='lat' dir='ltr'>et</span> <span class='ocrx_word' id='word_1_234' title='bbox 1111 3485 1239 3546; x_wconf 92' lang='lat' dir='ltr'>sordida</span> <span class='ocrx_word' id='word_1_235' title='bbox 1268 3503 1335 3546; x_wconf 89' lang='lat' dir='ltr'>esse</span> <span class='ocrx_word' id='word_1_236' title='bbox 1364 3488 1550 3566; x_wconf 76' lang='lat' dir='ltr'>reputanda,</span> 
     </span>
     <span class='ocr_line' id='line_1_29' title="bbox 337 3593 1552 3672; baseline -0.006 -11"><span class='ocrx_word' id='word_1_237' title='bbox 337 3619 448 3661; x_wconf 89' lang='lat' dir='ltr'>verum</span> <span class='ocrx_word' id='word_1_238' title='bbox 465 3600 679 3660; x_wconf 90' lang='lat' dir='ltr'>nihilomiuus</span> <span class='ocrx_word' id='word_1_239' title='bbox 696 3602 726 3658; x_wconf 90' lang='lat' dir='ltr'>et</span> <span class='ocrx_word' id='word_1_240' title='bbox 740 3598 874 3658; x_wconf 89' lang='lat' dir='ltr'>unicum</span> <span class='ocrx_word' id='word_1_241' title='bbox 890 3593 1080 3654; x_wconf 91' lang='lat' dir='ltr'>restituendi</span> <span class='ocrx_word' id='word_1_242' title='bbox 1094 3593 1190 3652; x_wconf 91' lang='lat' dir='ltr'>simul</span> <span class='ocrx_word' id='word_1_243' title='bbox 1206 3593 1329 3669; x_wconf 88' lang='lat' dir='ltr'>poesim</span> <span class='ocrx_word' id='word_1_244' title='bbox 1345 3593 1552 3672; x_wconf 87' lang='lat' dir='ltr'>linguamque</span> 
     </span>
     <span class='ocr_line' id='line_1_30' title="bbox 337 3699 1550 3782; baseline -0.004 -16"><span class='ocrx_word' id='word_1_245' title='bbox 337 3708 423 3769; x_wconf 91' lang='lat' dir='ltr'>hunc</span> <span class='ocrx_word' id='word_1_246' title='bbox 439 3724 507 3768; x_wconf 86' lang='lat' dir='ltr'>asse</span> <span class='ocrx_word' id='word_1_247' title='bbox 528 3704 661 3766; x_wconf 94' lang='lat' dir='ltr'>modum</span> <span class='ocrx_word' id='word_1_248' title='bbox 683 3705 861 3782; x_wconf 77' lang='lat' dir='ltr'>profitetur,</span> <span class='ocrx_word' id='word_1_249' title='bbox 887 3707 922 3762; x_wconf 94' lang='lat' dir='ltr'>ut</span> <span class='ocrx_word' id='word_1_250' title='bbox 947 3699 986 3760; x_wconf 91' lang='lat' dir='ltr'>ad</span> <span class='ocrx_word' id='word_1_251' title='bbox 1007 3701 1169 3760; x_wconf 90' lang='lat' dir='ltr'>sincerum</span> <span class='ocrx_word' id='word_1_252' title='bbox 1190 3703 1324 3758; x_wconf 90' lang='lat' dir='ltr'>naturae</span> <span class='ocrx_word' id='word_1_253' title='bbox 1340 3705 1550 3778; x_wconf 84' lang='lat' dir='ltr'>conspectum</span> 
     </span>
     <span class='ocr_line' id='line_1_31' title="bbox 336 3805 1551 3892; baseline -0.005 -18"><span class='ocrx_word' id='word_1_254' title='bbox 336 3831 373 3875; x_wconf 90' lang='lat' dir='ltr'>ac</span> <span class='ocrx_word' id='word_1_255' title='bbox 405 3832 530 3892; x_wconf 89' lang='lat' dir='ltr'>semper</span> <span class='ocrx_word' id='word_1_256' title='bbox 555 3829 706 3891; x_wconf 90' lang='lat' dir='ltr'>praesens</span> <span class='ocrx_word' id='word_1_257' title='bbox 730 3809 874 3870; x_wconf 91' lang='lat' dir='ltr'>studium</span> <span class='ocrx_word' id='word_1_258' title='bbox 906 3811 1105 3867; x_wconf 90' lang='lat' dir='ltr'>revertantur</span> <span class='ocrx_word' id='word_1_259' title='bbox 1129 3805 1323 3882; x_wconf 87' lang='lat' dir='ltr'>scriptores;</span> <span class='ocrx_word' id='word_1_260' title='bbox 1347 3805 1426 3883; x_wconf 91' lang='lat' dir='ltr'>quin</span> <span class='ocrx_word' id='word_1_261' title='bbox 1455 3808 1551 3868; x_wconf 90' lang='lat' dir='ltr'>etiam</span> 
     </span>
    </p>
   </div>
   <div class='ocr_carea' id='block_1_3' title="bbox 1494 3985 1541 3996">
    <p class='ocr_par' dir='ltr' id='par_1_5' title="bbox 1494 3985 1541 3996">
     <span class='ocr_line' id='line_1_32' title="bbox 1494 3985 1541 3996; baseline -0.021 0"><span class='ocrx_word' id='word_1_262' title='bbox 1494 3985 1541 3996; x_wconf 75' lang='grc' dir='ltr'>-ι</span> 
     </span>
    </p>
   </div>
   <div class='ocr_carea' id='block_1_4' title="bbox 336 4106 1550 4642">
    <p class='ocr_par' dir='ltr' id='par_1_6' title="bbox 369 4106 668 4171">
     <span class='ocr_line' id='line_1_33' title="bbox 369 4106 668 4171; baseline 0.003 -17"><span class='ocrx_word' id='word_1_263' title='bbox 369 4108 407 4171; x_wconf 90' lang='grc'>(1)</span> <span class='ocrx_word' id='word_1_264' title='bbox 428 4107 490 4156; x_wconf 83' lang='lat' dir='ltr'>Uno.</span> <span class='ocrx_word' id='word_1_265' title='bbox 508 4106 583 4164; x_wconf 79' lang='lat' dir='ltr'>Ged..</span> <span class='ocrx_word' id='word_1_266' title='bbox 600 4107 668 4170; x_wconf 58' lang='lat'>§32</span> 
     </span>
    </p>

    <p class='ocr_par' dir='ltr' id='par_1_7' title="bbox 371 4199 647 4267">
     <span class='ocr_line' id='line_1_34' title="bbox 371 4199 647 4267; baseline -0.007 -17"><span class='ocrx_word' id='word_1_267' title='bbox 371 4203 408 4267; x_wconf 82' lang='lat'>(2)</span> <span class='ocrx_word' id='word_1_268' title='bbox 427 4199 502 4261; x_wconf 71' lang='lat' dir='ltr'>utu,</span> <span class='ocrx_word' id='word_1_269' title='bbox 517 4201 531 4264; x_wconf 66' lang='grc' dir='ltr'>ς</span> <span class='ocrx_word' id='word_1_270' title='bbox 548 4203 590 4260; x_wconf 84' lang='lat'>35,</span> <span class='ocrx_word' id='word_1_271' title='bbox 606 4203 647 4249; x_wconf 83' lang='lat' dir='ltr'>u.</span> 
     </span>
    </p>

    <p class='ocr_par' dir='ltr' id='par_1_8' title="bbox 372 4296 703 4364">
     <span class='ocr_line' id='line_1_35' title="bbox 372 4296 703 4364; baseline -0.009 -18"><span class='ocrx_word' id='word_1_272' title='bbox 372 4299 408 4364; x_wconf 87' lang='lat'>(3)</span> <span class='ocrx_word' id='word_1_273' title='bbox 426 4296 501 4356; x_wconf 70' lang='lat' dir='ltr'>leid,</span> <span class='ocrx_word' id='word_1_274' title='bbox 515 4296 531 4359; x_wconf 64' lang='grc' dir='ltr'><strong>ς</strong></span> <span class='ocrx_word' id='word_1_275' title='bbox 547 4299 590 4355; x_wconf 81' lang='lat'>³2,</span> <span class='ocrx_word' id='word_1_276' title='bbox 604 4298 646 4354; x_wconf 79' lang='lat' dir='ltr'>ot,</span> <span class='ocrx_word' id='word_1_277' title='bbox 660 4297 703 4344; x_wconf 83' lang='lat' dir='ltr'>tl.</span> 
     </span>
    </p>

    <p class='ocr_par' dir='ltr' id='par_1_9' title="bbox 336 4384 1550 4642">
     <span class='ocr_line' id='line_1_36' title="bbox 370 4384 1549 4459; baseline -0.006 -17"><span class='ocrx_word' id='word_1_278' title='bbox 370 4390 405 4459; x_wconf 85' lang='lat' dir='ltr'>(l)</span> <span class='ocrx_word' id='word_1_279' title='bbox 427 4391 496 4450; x_wconf 76' lang='lat' dir='ltr'>Uet,</span> <span class='ocrx_word' id='word_1_280' title='bbox 513 4393 638 4441; x_wconf 78' lang='lat' dir='ltr'>avt-aiv.</span> <span class='ocrx_word' id='word_1_281' title='bbox 653 4415 683 4426; x_wconf 91' lang='lat'><em>-</em></span> <span class='ocrx_word' id='word_1_282' title='bbox 699 4389 747 4438; x_wconf 82' lang='lat' dir='ltr'>Vix</span> <span class='ocrx_word' id='word_1_283' title='bbox 774 4387 844 4452; x_wconf 86' lang='lat' dir='ltr'>apud</span> <span class='ocrx_word' id='word_1_284' title='bbox 862 4385 1177 4437; x_wconf 84' lang='lat' dir='ltr'>llolfmannswalduvium</span> <span class='ocrx_word' id='word_1_285' title='bbox 1202 4387 1294 4436; x_wconf 88' lang='lat' dir='ltr'>similis</span> <span class='ocrx_word' id='word_1_286' title='bbox 1318 4386 1371 4439; x_wconf 83' lang='lat' dir='ltr'>lere</span> <span class='ocrx_word' id='word_1_287' title='bbox 1389 4388 1505 4439; x_wconf 84' lang='lat' dir='ltr'>occurrit</span> <span class='ocrx_word' id='word_1_288' title='bbox 1518 4384 1549 4436; x_wconf 81' lang='lat' dir='ltr'>dc</span> 
     </span>
     <span class='ocr_line' id='line_1_37' title="bbox 336 4476 1550 4547; baseline -0.006 -12"><span class='ocrx_word' id='word_1_289' title='bbox 336 4483 455 4536; x_wconf 85' lang='lat' dir='ltr'>lohuuue</span> <span class='ocrx_word' id='word_1_290' title='bbox 475 4483 583 4534; x_wconf 82' lang='lat' dir='ltr'>Soclrsio</span> <span class='ocrx_word' id='word_1_291' title='bbox 607 4484 705 4547; x_wconf 80' lang='lat' dir='ltr'>opinio,</span> <span class='ocrx_word' id='word_1_292' title='bbox 726 4495 804 4546; x_wconf 91' lang='lat' dir='ltr'>quem</span> <span class='ocrx_word' id='word_1_293' title='bbox 827 4481 924 4545; x_wconf 81' lang='lat' dir='ltr'>posteri</span> <span class='ocrx_word' id='word_1_294' title='bbox 942 4493 994 4531; x_wconf 89' lang='lat' dir='ltr'>uuo</span> <span class='ocrx_word' id='word_1_295' title='bbox 1017 4481 1104 4530; x_wconf 83' lang='lat' dir='ltr'>animo</span> <span class='ocrx_word' id='word_1_296' title='bbox 1132 4482 1265 4545; x_wconf 81' lang='lat' dir='ltr'>asparuutl</span> <span class='ocrx_word' id='word_1_297' title='bbox 1288 4482 1399 4532; x_wconf 83' lang='lat' dir='ltr'>suntet</span> <span class='ocrx_word' id='word_1_298' title='bbox 1427 4476 1550 4531; x_wconf 77' lang='lat' dir='ltr'>Gocthiue</span> 
     </span>
     <span class='ocr_line' id='line_1_38' title="bbox 337 4573 1168 4642; baseline -0.008 -11"><span class='ocrx_word' id='word_1_299' title='bbox 337 4581 441 4632; x_wconf 77' lang='lat' dir='ltr'>tautum</span> <span class='ocrx_word' id='word_1_300' title='bbox 456 4575 675 4642; x_wconf 81' lang='lat' dir='ltr'>Wtelandtueque</span> <span class='ocrx_word' id='word_1_301' title='bbox 689 4577 715 4626; x_wconf 90' lang='lat' dir='ltr'>iu</span> <span class='ocrx_word' id='word_1_302' title='bbox 729 4588 778 4627; x_wconf 86' lang='lat' dir='ltr'>sua</span> <span class='ocrx_word' id='word_1_303' title='bbox 788 4573 849 4640; x_wconf 83' lang='lat' dir='ltr'>jura</span> <span class='ocrx_word' id='word_1_304' title='bbox 863 4573 970 4626; x_wconf 82' lang='lat' dir='ltr'>demum</span> <span class='ocrx_word' id='word_1_305' title='bbox 984 4576 1168 4625; x_wconf 84' lang='lat' dir='ltr'>restituerunt.</span> 
     </span>
    </p>
   </div>
   <div class='ocr_carea' id='block_1_5' title="bbox 0 0 1728 5446">
    <p class='ocr_par' dir='ltr' id='par_1_10' title="bbox 0 0 1728 5446">
     <span class='ocr_line' id='line_1_39' title="bbox 0 0 1728 5446; baseline 0 0"><span class='ocrx_word' id='word_1_306' title='bbox 0 0 1728 5446; x_wconf 95' lang='lat' dir='ltr'> </span> 
     </span>
    </p>
   </div>
  </div>
 </body>
</html>
