3462 5452
860 633 899 646 -·—
931 589 978 664 62
1015 603 1061 645 -·

351 737 490 800 Raumer
506 738 560 819 (l),
576 757 703 800 summa
723 736 784 800 lide
798 759 945 819 expressa
964 745 1030 802 erat
1055 737 1087 802 in
1107 737 1269 802 Atlantide
1285 740 1476 817 Rudbeckii,
1494 741 1559 821 qui,

349 845 532 922 patentibus
553 845 766 918 documentis,
790 846 1029 908 demonstrabat
1052 865 1068 907 e
1094 849 1207 909 Suecia
1229 853 1360 910 enatum
1381 866 1450 909 esse
1462 867 1562 927 genus

350 951 549 1025 humanum,
580 953 623 1012 ibi
651 953 795 1013 floruisse
823 953 1009 1014 Paradisum
1035 955 1247 1028 terrestrem,
1277 955 1339 1028 ibi,
1377 955 1431 1014 vix
1457 960 1560 1015 creato

350 1056 484 1131 mundo,
508 1056 667 1117 Adamum
690 1059 835 1118 locutum
860 1077 928 1120 esse
953 1061 1088 1120 Suecam
1108 1061 1263 1138 linguam.

388 1165 474 1238 Quae
488 1170 555 1226 tam
571 1165 666 1226 stulte
685 1166 897 1244 fingebantur,
914 1166 1061 1244 quamvis
1087 1167 1311 1227 refellerentur
1325 1186 1344 1227 a
1362 1168 1560 1245 sapientiori-

348 1272 408 1332 bus
422 1272 476 1332 sed
490 1272 696 1349 paucioribus
712 1272 799 1346 viriS,
819 1291 855 1334 co
875 1271 1046 1350 benignius
1066 1273 1270 1351 excipiebant
1292 1273 1467 1334 hominum
1489 1291 1559 1334 aru-

349 1378 490 1439 ditorum
505 1382 606 1438 coetus
626 1379 659 1437 in
679 1379 803 1451 Suecia,
826 1396 889 1456 quo
905 1379 1010 1456 majus
1031 1376 1105 1439 inde
1120 1379 1206 1456 genti
1228 1397 1304 1440 suae
1320 1377 1418 1440 decus
1441 1378 1559 1440 adscri-

349 1487 460 1547 berent
475 1485 528 1564 (t).
557 1487 637 1545 Nam
657 1485 765 1544 minus
785 1485 917 1562 quidem
937 1484 1074 1544 audaces
1099 1503 1197 1562 quam
1220 1484 1435 1558 Rudbeckius,
1458 1489 1490 1545 at
1506 1503 1559 1546 ou·

348 1595 472 1672 pientes
485 1594 631 1670 plerique
645 1592 726 1652 nihil
751 1593 917 1652 Germanis
933 1591 1086 1664 invidere,
1103 1609 1140 1651 co
1158 1608 1319 1651 summam
1335 1590 1514 1651 doctrinam
1530 1595 1559 1650 ct

349 1717 480 1779 operam
509 1698 726 1771 intendebant,
756 1703 792 1757 ul
820 1699 959 1758 Suecum
985 1714 1167 1758 sermonem
1195 1715 1213 1756 a
1236 1698 1347 1757 celeris
1369 1697 1558 1775 germanicis

349 1808 467 1886 linguis
482 1810 682 1866 secernerent
697 1809 727 1864 ct
744 1805 803 1864 sibi
820 1806 917 1866 Gotos
931 1809 962 1864 et
974 1805 1114 1883 goticam
1127 1805 1273 1883 linguam
1288 1803 1498 1866 vindicarent.

388 1915 497 1991 ltaque
519 1930 585 1973 non
610 1913 717 1972 solum
740 1930 773 1971 se
795 1912 925 1972 unicam
946 1917 977 1972 et
997 1915 1083 1972 recta
1107 1912 1190 1972 linea
1209 1913 1384 1990 legitimam
1397 1914 1559 1992 jactabant

349 2037 417 2081 esse
438 2020 563 2097 prolem
582 2018 715 2078 illorum
738 2017 904 2092 (lotorum,
922 2017 989 2095 qui,
1007 2022 1042 2077 ut
1058 2017 1196 2090 aiebant,
1218 2035 1236 2078 a
1256 2018 1469 2080 Soandinavia
1489 2037 1559 2097 pro-

349 2126 436 2198 fecti,
464 2124 629 2185 incondita
651 2129 681 2184 et
705 2124 933 2184 innumerabili
967 2124 1185 2197 multitudine,
1217 2125 1321 2202 primo
1344 2125 1556 2198 Germaniam,

349 2238 461 2310 postca
475 2230 647 2308 imperium
661 2247 830 2290 romanum
846 2230 1036 2303 obruerant,
1055 2229 1109 2291 sed
1129 2231 1225 2290 ctiam
1240 2231 1299 2291 hos
1313 2232 1409 2293 Gotos
1425 2249 1558 2310 proavos

350 2358 436 2413 suos,
463 2339 580 2416 quihus
603 2336 733 2397 dederat
759 2337 868 2398 Ullilas
897 2338 1086 2421 Sanctarum
1113 2337 1350 2415 scripturarum
1381 2340 1557 2399 versionem

349 2446 461 2526 gentili
488 2461 634 2504 sermone
662 2444 826 2521 scriptam,
851 2461 891 2503 ne
917 2442 993 2520 quid
1021 2445 1066 2504 cis
1095 2460 1169 2503 cum
1198 2445 1363 2504 Germanis
1389 2462 1557 2505 commune

349 2554 448 2614 luisse
463 2551 634 2623 videretur,
658 2550 749 2627 quasi
768 2551 926 2610 Sarmatas
944 2555 974 2610 et
995 2550 1105 2610 Slavos
1122 2551 1411 2627 repraesentabant.

390 2658 619 2730 Nihilominus,
636 2658 715 2716 mire
739 2657 924 2729 inconsulti,
946 2657 1104 2734 quidquid
1126 2657 1201 2717 hinc
1216 2676 1234 2717 a
1250 2659 1356 2718 Tacito
1383 2658 1421 2719 de
1437 2661 1559 2720 Germa·

347 2783 480 2839 norum,
498 2765 588 2825 illinc
611 2782 629 2824 a
652 2763 813 2824 lornande
829 2763 866 2823 de
882 2764 1037 2824 Gotorum
1061 2764 1199 2824 heroicis
1222 2764 1419 2824 carminibus
1439 2764 1558 2826 dictum

349 2879 426 2947 erat,
442 2873 511 2952 pari
536 2871 641 2932 studio
666 2870 706 2930 ad
733 2889 766 2930 se
787 2870 911 2931 trahere
938 2870 1148 2944 conabantur,
1173 2874 1208 2930 ut
1233 2869 1306 2930 inde
1332 2870 1559 2932 concluderent

349 2998 480 3042 omnem
500 2980 665 3040 heroicam
679 2979 912 3039 Germanorum
931 2979 1055 3056 poesim
1074 2982 1211 3039 avetere
1234 2979 1411 3039 Succorum
1432 2979 1558 3040 heroica

349 3089 438 3169 poesi
463 3087 643 3149 deduxisse.

388 3196 544 3257 Leibnitio
571 3211 681 3254 rursus
707 3193 909 3272 gratulantur
933 3192 1150 3253 communiter
1171 3191 1231 3251 viri
1257 3191 1354 3265 docti,
1377 3191 1463 3271 quod
1488 3197 1558 3254 ante

348 3321 472 3378 omnes,
497 3302 592 3363 solito
618 3301 738 3380 ingenii
766 3302 900 3378 impetu,
931 3302 1108 3360 Succorum
1136 3299 1304 3378 superbiae
1333 3300 1556 3374 intercesserit,

348 3412 527 3484 historiam,
542 3411 726 3488 linguarum
742 3408 922 3469 doctrinam
938 3411 969 3468 et
993 3407 1096 3486 ipsam
1119 3408 1278 3468 rationem
1302 3408 1336 3468 in
1359 3409 1450 3469 litem
1465 3427 1557 3471 voca-

347 3520 438 3593 verit,
462 3523 493 3579 et
516 3519 554 3578 ab
579 3517 711 3594 autiquo
738 3520 880 3595 tempore
904 3519 1084 3594 segregatas
1109 3516 1208 3576 luisse
1230 3516 1506 3579 Scandinavorum
1529 3521 1558 3579 ct

348 3627 505 3688 Gotorum
520 3625 647 3702 linguas
661 3624 843 3683 asseruerit.

387 3736 442 3796 Ille
465 3733 609 3812 quidem,
625 3731 863 3810 proculdubie,
879 3733 1076 3791 memoratur
1098 3730 1180 3790 inter
1202 3748 1256 3791 eos
1278 3730 1333 3809 qui
1358 3735 1425 3792 tam
1450 3732 1556 3793 stultis

348 3841 596 3922 cogitationibus
610 3840 811 3913 obstiterunt,
829 3842 859 3900 et
880 3837 1097 3918 germanicam
1111 3836 1269 3917 originem
1292 3838 1413 3919 linguis
1438 3839 1560 3901 scandi·

347 3951 470 4013 navicis
496 3950 695 4024 tribuerunt;
726 3948 755 4008 ei
782 3946 925 4026 quidem,
952 3952 1111 4025 quantum
1136 3946 1195 4007 hae
1219 3966 1238 4007 a
1263 3948 1369 4026 getica
1391 3947 1555 4028 distarent,

348 4058 489 4141 quodam
510 4057 581 4119 loco
606 4061 715 4116 notare
739 4055 836 4116 semel
858 4053 1002 4134 contigit.
1027 4053 1102 4116 Sero
1129 4057 1240 4116 autem
1264 4053 1304 4116 ad
1326 4053 1409 4116 hanc
1437 4061 1556 4120 rectam

352 4268 1551 4297 Quam—*ww

342 4489 347 4498 ,
381 4431 419 4495 (l)
437 4433 472 4488 Pa
495 4429 578 4488 (113.

381 4531 417 4595 (2)
435 4449 491 4586 Ned
508 4533 616 4585 sueciae
636 4525 742 4601 quidam
760 4525 808 4588 hoc
829 4525 970 4602 peculiare.
988 4525 1025 4588 ol.
1046 4525 1145 4588 Glaudll
1162 4527 1250 4588 [tutetl
1266 4527 1364 4597 locum,
1384 4525 1428 4588 ubl
1442 4531 1555 4590 coclea

348 4629 419 4690 ditur
435 4630 603 4700 alphabetum
618 4633 734 4700 geticum
752 4630 851 4686 1111111
866 4633 947 4686 alteo
961 4642 1018 4684 ease
1035 4632 1127 4687 datum
1141 4627 1222 4703 (apud
1238 4629 1405 4698 1111111111,
1421 4629 1491 4696 llut,
1506 4635 1555 4700 tt).
