3462 5452
618 1058 810 1182 PARS
855 1061 931 1180 ΙΙ.

233 1304 283 1362 DE
306 1301 493 1364 MORHOFII
514 1302 560 1360 ET
583 1300 758 1360 LEIBNlTll
781 1299 927 1360 STUDIIS
949 1299 1051 1370 QUAE
1074 1301 1125 1359 Ab
1148 1301 1313 1361 LINGUAS

534 1415 781 1477 cucurrimus
804 1415 1010 1474 SPECTANT.

668 1832 817 1905 CAPUT
847 1833 874 1903 l.

166 2089 171 2098 ,
218 2043 317 2101 QUAM
344 2042 483 2090 OPERAM
510 2039 707 2090 MORHOFIUS
733 2038 878 2086 LINGUAE
906 2040 1123 2089 GERMANICAE
1156 2042 1316 2090 NAVARIT.

198 2597 288 2668 Quae
308 2595 481 2656 Morhofius
507 2596 675 2673 proposuit
701 2595 739 2656 de
763 2595 936 2656 romanicis
959 2594 1161 2655 sermonibus
1190 2598 1221 2654 et
1251 2592 1375 2664 litteris

159 2694 327 2781 tamquam
341 2702 497 2775 breviora,
510 2702 597 2779 quod
608 2702 647 2761 ad
664 2719 821 2762 summam
833 2703 956 2775 attinet,
970 2706 1065 2779 atque
1080 2702 1114 2760 iu
1130 2701 1266 2779 singulis
1282 2717 1375 2778 saepe

160 2810 268 2868 minus
291 2814 430 2881 exarata,
453 2808 603 2868 nonnulli
627 2809 899 2886 vituperaverunt.
918 2808 1064 2868 Severius
1087 2813 1182 2881 certe,
1207 2808 1233 2866 si
1258 2808 1377 2884 incepti

160 2917 338 2976 novitatem
374 2916 569 2992 respexeris3
606 2915 703 2974 immo
732 2915 914 2975 meminisse
943 2914 1034 2975 decet
1062 2933 1135 2974 eum
1165 2919 1237 2975 ante
1266 2930 1377 2973 omnes

162 3022 275 3082 doctae
289 3039 398 3082 rerum
420 3022 617 3100 indagationi
637 3022 807 3100 profuisse,
832 3040 904 3082 cum
930 3022 1083 3082 historiae
1109 3026 1139 3081 et
1161 3021 1376 3099 experientiae

160 3130 355 3190 testimoniis
385 3129 424 3189 ad
446 3131 550 3188 varios
573 3147 735 3189 sermones
760 3129 968 3207 inquirendos
995 3135 1025 3190 et
1048 3131 1208 3190 variarum
1233 3131 1377 3209 gentium

164 3241 373 3297 monumenta
386 3236 564 3296 litterarum
578 3236 767 3314 explicanda
782 3236 952 3314 diligenter
970 3237 1093 3314 primus
1109 3237 1150 3296 sit
1166 3254 1260 3310 usus;
1285 3237 1375 3296 abeo

163 3349 241 3405 tunc
263 3345 404 3422 primum
419 3344 536 3403 collata
551 3343 630 3403 baec
651 3344 734 3404 inter
757 3361 789 3403 se
814 3360 881 3403 esse
905 3346 1023 3403 etune
1048 3348 1157 3403 tenore
1180 3348 1374 3420 comparata.

165 3452 344 3512 Meminisse
366 3451 457 3510 decet
475 3469 542 3510 non
565 3450 658 3510 modo
678 3451 802 3511 nullam
821 3451 911 3528 prius
929 3452 1107 3512 litterarum
1129 3451 1295 3511 historiam
1322 3455 1377 3512 aut

165 3565 351 3638 conceptam
375 3576 442 3619 esse
458 3563 514 3618 aut
533 3558 658 3636 concipi
674 3559 829 3636 potuisse,
846 3560 951 3637 qualis
967 3560 1079 3620 saltem
1104 3561 1142 3620 ab
1172 3578 1208 3620 eo
1232 3560 1374 3639 praesor-

165 3673 249 3727 mata
264 3672 296 3726 et
314 3665 463 3726 inchoata
484 3670 542 3738 est,
566 3664 731 3725 sedetiam
754 3667 859 3744 operis
882 3668 1047 3727 materiam
1069 3685 1126 3746 per
1143 3672 1245 3729 totum
1265 3669 1375 3728 orbem

163 3779 321 3834 terrarum
337 3791 481 3851 sparsam
503 3773 653 3833 scribenti
679 3773 915 3851 suppeditatum
930 3776 1105 3853 aegerrime
1124 3793 1203 3849 esse,
1226 3776 1306 3836 etin
1331 3777 1377 3836 in-

162 3883 241 3942 timo
261 3883 450 3942 Germaniae
465 3898 592 3942 recessu
606 3880 732 3960 degenti
754 3899 791 3941 ac
807 3866 965 3942 laboranti
981 3883 1068 3943 haud
1087 3883 1180 3945 facile
1199 3903 1267 3946 esse
1287 3903 1376 3947 com·

163 3994 289 4068 perium
303 3988 341 4048 de
357 3992 405 4048 tot
419 3988 639 4067 scriptoribus,
654 4006 670 4049 e
685 3992 733 4049 tot
747 3989 895 4068 gentibus
908 3990 996 4064 ortis,
1010 4007 1149 4069 quorum
1164 3993 1233 4072 ipsa
1243 3995 1376 4056 nomina

165 4097 288 4158 civibus
304 4098 373 4174 ejus
390 4097 552 4174 incognita
568 4101 667 4156 erant.
945 4161 947 4168 ¹

203 4205 308 4266 Facile
335 4205 433 4281 igitur
460 4203 635 4264 concedam
660 4205 707 4263 illi
733 4221 968 4284 nonnunquam
996 4205 1135 4269 defuisse
1168 4205 1372 4288 documenta,

165 4327 260 4392 quam
274 4311 445 4390 penuriam
463 4312 530 4389 ipse
545 4311 704 4388 imprimis
720 4312 807 4372 dolet
821 4317 852 4372 et
870 4313 988 4373 fatetur
1003 4315 1156 4391 sincerus,
1181 4324 1217 4377 ut
1241 4320 1322 4380 solet
1340 4321 1374 4381 in

166 4423 308 4503 qualibet
332 4421 586 4500 investigatione.
611 4420 774 4480 Interdum
796 4426 880 4482 certe
901 4439 1031 4482 necesse
1055 4424 1116 4484 suit
1137 4427 1187 4485 vel
1213 4427 1372 4490 indefesso

166 4531 321 4593 librorum
344 4529 500 4602 rimatori‚
523 4531 549 4589 si
567 4528 673 4589 dicere
693 4529 740 4588 fas
756 4533 813 4603 est,
833 4533 865 4590 et
889 4529 994 4609 sagaci
1010 4529 1203 4610 scriptorum
1222 4535 1373 4597 aestima·

164 4643 234 4720 ton,
256 4657 332 4702 cum
352 4640 465 4699 nullus
490 4638 529 4699 ad
553 4639 640 4717 ipsos
662 4637 765 4700 font-es
787 4642 908 4716 pat-eret
930 4638 1046 4716 aditus,
1071 4641 1175 4702 aliena
1196 4643 1368 4726 operanti,
