3446 5452
670 637 882 720 “1452

165 793 307 860 sissimus
335 793 508 877 expediunt
538 799 721 859 sententias.
749 800 893 875 Namque
925 797 1008 858 hanc
1036 791 1091 859 alii
1120 815 1159 858 ex
1187 789 1375 876 imperativo

164 903 335 962 verborum
357 901 450 962 modo
474 905 506 962 et
527 902 681 980 singulari
705 900 918 978 quorumdam
939 902 1107 963 nominum
1132 901 1240 961 dativo
1260 902 1376 962 intem-

163 1009 285 1086 pestive
299 1008 443 1086 ejiciunt,
460 1008 544 1068 unde
560 1009 702 1085 asperior
717 1008 751 1067 lit
771 1006 950 1086 lingua(1);
969 1008 1036 1080 alii,
1056 1009 1244 1086 praesertim
1260 1008 1293 1067 in
1306 1025 1376 1068 car-

165 1116 318 1188 minibus,
335 1114 476 1193 Opilium
496 1115 622 1188 imitati,
646 1114 756 1174 multis
776 1114 909 1174 vocibus
935 1113 1102 1192 adjiciunt,
1124 1115 1241 1192 quibus
1260 1132 1296 1175 ea
1310 1131 1377 1174 non

164 1225 237 1298 apte
258 1221 420 1298 recipitur,
442 1221 491 1281 vel
517 1219 632 1280 mediis
653 1220 847 1280 interserunt
868 1218 1046 1293 vocabulis,
1070 1223 1106 1279 ut
1128 1219 1202 1280 inde
1228 1219 1375 1298 dactylus

164 1328 342 1401 efficiatur;
371 1328 542 1405 utrobique
569 1328 650 1388 male
674 1343 787 1387 sonare
807 1326 945 1386 litteram
971 1343 1101 1387 neeesse
1129 1331 1177 1386 est
1198 1326 1251 1407 (ἓ).
1271 1327 1376 1388 milli

163 1451 295 1511 prorsus
309 1439 419 1494 contra
437 1451 549 1494 omnes
563 1439 595 1494 et
608 1433 821 1511 etymologiae
837 1438 869 1492 et
884 1433 1065 1511 euphoniae
1084 1433 1182 1493 simul
1199 1434 1285 1512 leges
1300 1450 1374 1510 peo-

164 1546 250 1615 cant,
280 1542 335 1619 qui
360 1559 441 1617 eam,
471 1547 507 1601 ut
537 1542 640 1602 voluit
666 1541 860 1602 Schottelius
883 1542 937 1618 (3),
967 1542 1059 1619 quasi
1088 1541 1223 1619 pluralis
1249 1542 1376 1602 numeri

163 1653 287 1724 notam,
309 1648 496 1708 nominibus
520 1649 553 1707 in
574 1645 629 1721 -el,
653 1666 709 1707 -er
730 1647 949 1708 desinentibus
982 1647 1150 1728 adjiciunt,
1176 1649 1221 1708 ita
1244 1653 1281 1708 ut
1303 1647 1378 1707 sori-

163 1755 260 1816 batur
279 1751 403 1830 Vetere,
419 1752 577 1828 Mallerr23
602 1756 702 1815 multo
723 1757 830 1814 autern
845 1755 947 1834 magis
962 1759 1080 1828 errant,
1097 1755 1153 1833 qui
1170 1755 1208 1815 de
1221 1754 1272 1815 bis
1283 1771 1374 1814 voca-

164 1861 249 1921 bulis
274 1861 444 1920 litterame
468 1860 611 1937 liquidae
633 1861 823 1921 consonanti
843 1861 1038 1921 anteriorem
1060 1861 1233 1921 detrahunt
1256 1865 1287 1922 et
1304 1861 1378 1922 seri-

165 1968 247 2027 bunt
280 1963 392 2039 Velm,
420 1963 550 2026 Mablre.
581 1967 666 2039 Quas
689 1967 773 2026 inter
796 1965 930 2040 formas,
960 1967 1036 2027 illae
1062 1967 1213 2027 omnibus
1233 1966 1377 2045 fingendi

164 2072 300 2150 pluralis
312 2073 488 2150 praeceptis
502 2075 692 2150 repugnant,
707 2072 767 2132 hae
787 2089 860 2132 vero
877 2072 1008 2148 insuper
1025 2076 1113 2131 tanta
1128 2073 1271 2132 alliciunt
1289 2089 1378 2150 aspe-

166 2179 258 2239 ritate
273 2178 502 2256 pronuntiandi
525 2179 693 2250 rationem,
717 2182 753 2238 ut
779 2195 815 2237 ea
838 2178 955 2237 nostris
980 2177 1111 2237 auribus
1139 2178 1323 2255 importuna
1346 2182 1376 2238 et

167 2285 379 2346 intolerabilis
394 2285 458 2344 fiat.
476 2285 619 2345 Similem
631 2286 672 2345 ob
686 2301 814 2344 causam
827 2283 947 2343 vitandi
964 2287 1039 2343 sunt
1049 2284 1245 2361 syllabarum
1259 2288 1374 2357 cottus,

167 2397 203 2454 ut
216 2398 278 2452 sost
291 2409 349 2470 pro
370 2409 402 2450 so
417 2390 467 2464 ist,
485 2392 601 2469 quibus
617 2392 794 2451 abutuntur
810 2389 905 2449 medii
930 2391 999 2450 aevi
1016 2391 1185 2468 scriptores
1200 2393 1375 2470 germanici

167 2502 198 2559 et
211 2515 300 2558 nunc
321 2499 428 2570 etiam,
451 2499 587 2576 graviter
606 2497 724 2558 inlecta
746 2497 874 2575 linguae
899 2497 1128 2571 modulatione,
1152 2499 1247 2558 multi
1267 2516 1378 2559 verna-

168 2605 233 2666 culi
248 2621 413 2664 sermones
428 2607 483 2680 (l).

207 2713 292 2772 llaec
316 2716 347 2772 et
370 2711 433 2771 alia
459 2711 570 2780 multa,
594 2710 729 2772 minoris
756 2710 884 2788 quidem
910 2711 1065 2772 momenti
1090 2701 1287 2773 aestimanda
1309 2716 1377 2774 eta

166 2819 259 2880 nobis
287 2817 435 2890 tacenda,'
455 2835 495 2878 ne
519 2818 681 2896 longiores
704 2817 880 2891 videamur,
907 2819 1018 2878 tenuia
1039 2818 1173 2879 forsitan
1200 2823 1230 2880 et
1254 2819 1378 2880 minuta

166 2926 361 3004 reputaverit
384 2925 522 3003 aliquis;
550 2929 582 2985 at
613 2925 765 2986 Morholio
794 2930 878 2986 recte
904 2927 1013 3004 grevia
1038 2925 1197 2999 videntur,
1224 2945 1306 3004 quae
1335 2927 1374 2988 ad

165 3031 384 3094 reformandas
407 3033 527 3100 litteras
552 3035 706 3110 spectant,
724 3037 833 3111 utpote
859 3033 1020 3093 artissimo
1043 3051 1128 3094 nexu
1148 3051 1221 3094 cum
1245 3034 1374 3113 linguae

165 3139 388 3202 emendatione
412 3140 595 3218 conjuncta,
623 3156 682 3200 nec
706 3140 773 3200 sine
796 3140 869 3218 jure
897 3145 1006 3200 censet
1026 3143 1148 3214 auctor,
1173 3158 1210 3201 ea
1228 3143 1376 3219 protinus

165 3265 234 3308 esse
247 3245 394 3319 delenda,
412 3263 492 3324 quae
506 3247 607 3306 nimia
622 3246 758 3324 quisque
773 3245 906 3308 libidine
918 3252 948 3308 et
960 3247 1113 3308 ellrenato
1125 3249 1256 3309 arbitrio
1272 3267 1375 3327 gram·

166 3354 301 3415 maticae
321 3352 487 3430 imponere
506 3351 688 3422 meditatur,
713 3369 776 3430 quo
793 3352 919 3415 lacilins
943 3357 1055 3430 postea
1081 3358 1112 3414 et
1132 3353 1315 3415 distinctius
1339 3355 1377 3416 de

166 3459 391 3522 controversiis
419 3458 470 3536 agi
496 3458 607 3536 possit,
637 3475 720 3535 quae
748 3457 788 3518 ad
816 3476 884 3519 rem
908 3459 1094 3520 litterariam
1117 3465 1148 3521 et
1171 3461 1377 3523 aestheticam

165 3570 336 3648 pertinent.
354 3568 420 3626 lloe
437 3567 525 3626 enim
541 3565 600 3626 sibi
617 3565 823 3646 potissimum
842 3583 1020 3644 proponere
1036 3584 1090 3627 eos
1108 3567 1208 3641 decet,
1228 3570 1283 3646 qui
1299 3589 1376 3648 gen·

166 3678 256 3738 tilem
269 3675 392 3754 poesim
415 3673 574 3744 affectant,
600 3678 636 3732 ut
656 3673 798 3750 primum
823 3674 974 3752 gentilem
998 3675 1142 3752 linguam
1158 3676 1378 3754 adipiscantur

168 3785 324 3861 integram
344 3785 375 3841 et
394 3780 545 3839 omnibus
565 3784 772 3857 expurgatam
796 3779 934 3852 mendis,
959 3797 1039 3857 quas
1062 3782 1111 3842 vel
1136 3782 1268 3843 insanus
1289 3801 1379 3860 pere·

168 3891 333 3971 grinorum
350 3904 536 3948 sermonum
549 3891 579 3947 et
595 3903 719 3947 morum
735 3903 835 3960 amor,
856 3888 906 3946 vel
922 3887 1106 3948 inconsulta
1121 3889 1263 3966 ipsorum
1279 3889 1380 3950 refor-

168 4001 330 4058 matorum
345 3992 498 4055 sedulitas
514 3992 605 4072 quasi
621 3992 768 4054 certatim
785 3993 997 4072 exaggeravit.
1016 3993 1161 4054 Ceterum
1176 3994 1379 4056 commodius

999 4173 1183 4180 -a--u--m-

204 4279 239 4352 (l)
260 4281 330 4349 vna,
347 4285 406 4339 tra.

203 4380 240 4441 (l)
261 4376 331 4444 bnt..
351 4377 473 4436 tta-lta.

204 4477 241 4544 (a)
261 4479 314 4530 ltoc
328 4482 398 4531 emm
422 4483 477 4532 arte
503 4476 574 4532 tanat
593 4470 752 4534 Schottallus
768 4475 793 4534 ln
818 4489 859 4544 ea,
879 4487 959 4549 quim
974 4489 1055 4548 supra
1076 4477 1292 4541 memoravimus
1318 4485 1378 4532 com

171 4571 301 4627 Goendtio
315 4575 436 4628 instituta
447 4578 638 4628 controversia.

203 4667 241 4734 <tt
261 4663 330 4738 vat,
346 4670 460 4726 arr-tra
474 4682 480 4738 t
496 4669 618 4726 notro.

1144 4753 1188 4868 10.
