3446 5452
673 659 706 670 -
745 617 809 690 erar
841 657 883 670 -

173 764 249 830 bula
260 767 291 824 et
306 764 394 841 poesi
409 781 475 824 non
488 764 705 842 spernendum
716 766 755 826 ad
769 767 836 827 vim
849 765 1030 844 augendam
1046 766 1204 827 auxilium
1218 766 1383 843 praebent.

172 870 233 933 Sed
249 876 342 931 caute
355 876 585 949 rectequcsunt
595 873 812 951 reponendae3
823 890 898 932 nam
912 871 1084 932 immodice
1095 873 1145 932 vel
1161 872 1384 950 intempestive

171 978 334 1038 adhibitae
359 978 504 1055 linguam
526 978 619 1040 facile
642 979 823 1056 inquinant,
841 996 915 1039 cum
943 982 1064 1052 contra,
1079 979 1211 1039 elatine
1232 983 1288 1038 aut
1314 978 1385 1038 aliis

170 1084 373 1144 sermonibus
409 1083 442 1143 in
465 1085 686 1163 germanicum
709 1085 869 1146 subtiliter
895 1085 1074 1158 arcessitae,
1104 1083 1240 1162 quodvis
1269 1100 1385 1161 poema

172 1194 329 1250 emarcet
344 1190 446 1267 ipsam
461 1190 607 1268 linguam
618 1190 718 1252 ditare
733 1191 968 1270 possint,aptae
983 1191 1080 1251 etiam
1094 1190 1232 1252 orationi
1246 1190 1383 1262 solutae,

172 1297 338 1356 sitantum
350 1299 492 1357 servatus
507 1297 603 1357 fuerit
618 1297 734 1358 modus
750 1297 803 1377 (1).
818 1298 905 1369 Quae
920 1302 1028 1357 tamen
1044 1314 1110 1358 non
1122 1297 1185 1356 nisi
1202 1296 1385 1374 agraribus

171 1407 200 1462 et
214 1404 307 1463 elatis
323 1403 418 1463 rebus
434 1408 489 1463 aut
504 1404 699 1481 imaginibus
715 1409 790 1464 sunt
803 1403 971 1482 petendae,
988 1421 1028 1464 ne
1041 1403 1167 1464 dicendi
1180 1420 1282 1481 genus
1305 1402 1386 1480 abji-

168 1513 266 1583 ciant,
280 1527 341 1570 nec
356 1510 422 1569 ullo
436 1499 528 1587 pacto
543 1529 580 1570 ex
595 1511 748 1571 abstrusis
764 1511 930 1570 vocabulis
946 1512 995 1571 vel
1011 1509 1224 1571 reconditiore
1241 1509 1386 1570 doctrina

168 1615 339 1688 eruendae,
354 1615 440 1692 quod
464 1616 654 1677 Britannicis
667 1617 852 1677 auctoribus
879 1635 982 1693 aequo
1009 1617 1136 1694 saepius
1152 1616 1269 1677 accidit
1286 1634 1292 1675 :
1311 1614 1385 1675 inde

170 1724 256 1783 enim
270 1721 416 1800 frigidior
428 1721 463 1780 tit
475 1723 588 1794 oratio,
600 1722 687 1799 quod
700 1722 778 1783 dure
792 1723 891 1782 nimis
905 1727 1052 1800 expertus
1067 1726 1114 1782 est
1132 1721 1315 1782 Ronsardus
1331 1721 1384 1799 (ᾖ).

209 1829 306 1889 Nulla
321 1833 428 1888 autem
442 1844 475 1887 re
490 1846 555 1888 una
570 1829 671 1906 magis
687 1829 769 1888 inter
782 1847 814 1888 se
831 1827 983 1888 differunt
997 1829 1103 1906 poesis
1119 1833 1149 1888 et
1163 1846 1257 1906 prosa
1271 1827 1385 1899 oratio,

173 1952 271 2011 quam
282 1933 407 2011 syntaxi
423 1937 452 1992 et
467 1934 639 1994 verborum
654 1935 893 1994 consecutione.
911 1935 1010 1994 Priori
1031 1935 1118 1994 enim
1133 1934 1294 2006 convenit,
1313 1938 1386 1994 ante

169 2041 291 2113 omnia,
308 2039 411 2098 brevis
436 2039 542 2099 vivida
568 2044 599 2099 et
614 2040 729 2100 alacris
753 2039 917 2118 periodus,
935 2057 974 2100 ex
990 2059 1053 2117 qua
1076 2039 1294 2100 excludendae
1312 2044 1388 2099 sunt

170 2171 184 2201 «
201 2144 411 2224 periodicae»
441 2146 600 2223 quaedam
633 2147 810 2224 particulae
853 2150 909 2206 aut
932 2147 1191 2223 conjunctiones,
1220 2147 1386 2207 communi

169 2253 326 2332 pedestris
344 2253 501 2312 sermonis
518 2252 744 2312 consuetudini
759 2252 942 2330 aptissimae
960 2251 1013 2331 (3),
1029 2257 1058 2310 et
1074 2253 1232 2329 contingit
1254 2253 1387 2329 insuper

169 2358 349 2438 expeditior
371 2377 407 2418 ac
432 2359 563 2419 liberior
585 2360 758 2419 verborum
785 2358 966 2431 collocatio,
984 2377 1060 2418 cum
1089 2359 1208 2436 ubique
1238 2360 1334 2418 liceat
1356 2363 1388 2419 et

169 2484 263 2544 saepe
276 2467 495 2526 necessarium
512 2467 563 2538 sit,
574 2468 661 2544 justo
673 2472 757 2526 certe
775 2470 899 2526 serrato
917 2465 1010 2525 modo
1025 2470 1080 2540 (l),
1099 2464 1250 2525 audacter
1278 2466 1387 2543 dispo-

170 2573 230 2632 sita
242 2573 275 2631 in
294 2571 441 2632 ordinem
463 2578 705 2649 praeposterum
720 2572 878 2632 vocabula
900 2576 930 2631 et
945 2572 1049 2630 varias
1073 2574 1251 2631 structurae
1279 2574 1387 2630 muta-

168 2680 272 2739 tiones
287 2678 466 2750 admittere,
484 2678 510 2736 si
524 2679 662 2738 voluerit
679 2684 774 2756 poeta
790 2679 839 2738 vel
855 2695 968 2738 vocem
993 2678 1136 2755 aliquam
1153 2678 1386 2738 sententiamve

170 2786 202 2844 in
216 2786 324 2845 lucem
334 2785 476 2862 prolerre
490 2788 596 2868 'atque
618 2785 828 2863 insigniorem
852 2784 967 2856 lacere,
992 2785 1042 2844 vel
1060 2784 1236 2861 imaginem
1259 2788 1385 2844 tantum

170 2908 313 2963 evocare,
325 2896 421 2969 prout
434 2909 580 2968 quaeque
595 2892 690 2952 verba
706 2892 739 2950 in
752 2892 896 2952 oratione
907 2896 1119 2968 reponuntur.
1131 2892 1197 2950 Hac
1207 2891 1296 2950 enim
1306 2897 1384 2963 arte,

170 2999 251 3058 citra
262 2997 432 3075 prosodiae
446 2999 662 3074 complexum,
679 3002 804 3058 constat
818 2998 991 3075 peculiaris
1013 2999 1196 3057 carminum
1217 3015 1384 3074 numerus,

170 3107 283 3183 quoin
305 3105 475 3184 generibus
501 3104 634 3166 diversis
657 3104 782 3165 diversa
797 3109 873 3164 sunt
902 3104 1045 3182 quidem,
1071 3104 1126 3164 sed
1151 3104 1294 3165 musicae
1312 3122 1386 3182 pro-

169 3215 260 3292 piora
283 3231 379 3291 quarn
405 3213 528 3273 solutae
553 3213 701 3272 orationi.
721 3212 803 3272 Huic
826 3229 913 3284 sane,
929 3211 1102 3289 praecipue
1127 3229 1201 3271 cum
1217 3210 1257 3271 ad
1272 3212 1386 3272 altiora

169 3320 274 3382 tendit
289 3321 434 3397 scriptor,
452 3320 535 3379 inest
548 3320 645 3380 etiam
660 3337 816 3380 numerus
832 3318 965 3396 quidam
981 3323 1087 3378 certus
1103 3323 1134 3377 et
1154 3318 1316 3396 proprius,
1330 3318 1386 3395 qui

169 3433 279 3496 tamen
312 3444 387 3486 cum
428 3427 563 3503 poeticis
605 3426 710 3486 modis
736 3443 943 3504 nequaquam
977 3431 1082 3503 potest
1109 3426 1271 3494 conterri3
1300 3425 1386 3486 unde

170 3536 285 3597 merito
298 3540 422 3594 veteres
437 3534 645 3596 secernebant
658 3534 821 3610 poeticum
834 3549 1009 3593 numerum
1022 3533 1060 3591 ab
1075 3533 1214 3592 oratorio
1229 3532 1283 3611 (5).

210 3642 338 3702 Minime
359 3645 469 3700 tamen
494 3640 683 3717 prohibetur
700 3638 856 3717 pedestris
878 3655 994 3707 sermo,
1019 3639 1097 3715 quin
1125 3637 1287 3699 interdum
1313 3656 1386 3716 pro·

170 3749 257 3828 prias
272 3747 426 3826 quasdam
440 3764 575 3826 poeseos
589 3746 679 3807 dotes
692 3747 827 3818 allactet,
845 3746 897 3806 cui
915 3746 947 3805 in
966 3746 1059 3806 certis
1075 3749 1105 3804 et
1119 3745 1200 3805 bene
1217 3746 1385 3824 sobrieque

202 4033 239 4096 (l)
259 4037 328 4096 ilat,
345 4035 471 4086 aaa-ari.
497 4060 527 4071 -
553 4034 596 4082 ilis
618 4035 760 4098 praecipue
784 4032 997 4085 llarsdoeriferus
1021 4036 1204 4099 impugnatur,
1219 4033 1265 4099 qui
1281 4044 1386 4083 omnem

173 4128 352 4194 metaphoram
369 4143 401 4180 ex
415 4128 507 4180 alienis
519 4127 619 4192 linguis
629 4126 811 4193 depromptam
826 4128 992 4194 repudiabat.

204 4223 238 4287 (2)
260 4225 330 4283 Uet,
342 4227 476 4287 tto-6723
489 4223 523 4274 cf.
539 4224 601 4272 Uno.
616 4221 691 4284 Geel,
707 4223 721 4285 ᾖ
738 4225 822 4274 fri-55.

205 4320 240 4386 (3)
259 4318 336 4381 ibid,
351 4321 472 4369 iiiii-662.

203 4414 240 4478 (t)
256 4413 438 4464 Necessarium
459 4412 648 4463 correctionem
665 4409 773 4463 adhibet
788 4425 840 4463 non
867 4413 924 4462 sine
949 4425 1031 4464 causa
1051 4411 1212 4476 Morboflus;
1234 4412 1384 4464 Norimber-

171 4522 267 4575 genses
279 4510 348 4559 enim
364 4510 455 4572 poetae
470 4506 610 4557 verborum
626 4508 839 4581 transgressione
856 4507 1064 4582 intemperanter
1076 4506 1265 4567 abutebantur.

202 4603 243 4668 (5)
262 4605 334 4666 Uet,
351 4604 481 4666 bit-5243
497 4603 621 4660 652453,
