3446 5452
884 645 1097 735 -llo-

385 817 423 871 ex
438 817 502 872 una
516 799 625 890 aliqua
641 799 752 891 lingua
767 799 882 874 ducere
898 809 1093 890 pertinacius
1115 808 1355 888 contenderent,
1381 803 1467 875 ultro
1484 821 1592 892 agnos·

384 916 439 992 cit,
456 935 554 996 quam
569 919 675 998 inepte
690 920 833 980 tacturus
852 919 902 992 sit,
918 919 973 997 qui
987 919 1113 981 nullam
1127 919 1190 979 nisi
1211 920 1244 980 in
1259 919 1444 982 discrimine
1459 920 1592 999 positam

384 1015 530 1102 linguam
554 1025 670 1086 intueri
684 1024 772 1097 velit,
787 1042 848 1086 nec
869 1025 937 1085 ulla
958 1024 1107 1104 respiciat
1126 1023 1331 1100 documenta,
1347 1025 1410 1086 nisi
1427 1043 1510 1110 quae
1531 1025 1593 1102 ipsa

384 1132 537 1210 praebere
550 1133 665 1193 valcat.
683 1133 726 1192 lio
742 1131 811 1211 ipso
827 1131 905 1192 vitio
920 1131 1017 1191 nimis
1032 1131 1214 1210 peccavisse
1233 1137 1355 1194 veteres
1374 1149 1507 1211 graecos
1528 1130 1593 1191 lati-

384 1255 508 1316 nosque
530 1239 757 1318 grammaticos
773 1237 886 1299 dolens
908 1237 1143 1314 animadvortit,
1160 1256 1301 1318 quorum
1323 1239 1438 1302 studiis
1459 1237 1593 1300 exactior

385 1337 595 1408 classicorum
615 1347 799 1425 linguarum
818 1345 934 1408 notitia
953 1343 1025 1406 ideo
1045 1346 1153 1406 minus
1171 1346 1354 1426 profecerit,
1377 1345 1463 1425 quod
1486 1361 1594 1424 graeca

385 1453 552 1531 latinaque
576 1457 692 1526 cuncta
712 1470 751 1513 ex
774 1452 865 1514 nullo
887 1451 962 1528 alio,
987 1452 1049 1512 nisi
1071 1470 1185 1532 graeco
1203 1454 1254 1514 vel
1276 1452 1376 1515 latino
1399 1454 1497 1525 sonte,
1522 1469 1592 1513 con-

385 1563 518 1639 tempta,
546 1564 656 1637 utpote
685 1558 829 1632 barbara,
866 1559 1033 1638 peregrina
1061 1577 1189 1638 quaque
1224 1561 1345 1640 lingua,
1377 1577 1486 1622 eruere
1519 1556 1592 1619 enisi

385 1665 450 1725 sint
464 1668 520 1742 (l).
537 1665 694 1744 Congium
716 1665 814 1744 igitur
836 1665 955 1726 libente
979 1665 1086 1725 animo
1107 1664 1228 1739 laudat,
1250 1665 1337 1744 quod
1359 1665 1443 1726 banc
1466 1679 1592 1743 pravam

385 1776 529 1832 veterum
545 1771 831 1850 grammaticorum
846 1770 1114 1832 consuetudinem
1129 1772 1270 1850 arguerit
1284 1789 1321 1834 ac
1333 1773 1502 1834 meliorem
1521 1769 1593 1830 libe·

385 1877 569 1955 rioremque
584 1875 767 1955 inquirendi
783 1877 941 1938 rationem
956 1877 1122 1938 instituere
1135 1882 1269 1938 conatus
1288 1879 1329 1938 sit
1344 1876 1399 1958 (t).

425 1986 573 2046 Pluribus
592 1985 672 2046 locis
688 1985 820 2063 insuper
833 1986 923 2044 notat
944 1989 1059 2044 natura
1074 1984 1136 2046 hoc
1158 1983 1203 2045 ita
1224 2001 1292 2046 esse
1314 1989 1546 2063 comparatum,
1560 1983 1591 2040 ut

385 2091 492 2151 curnis
512 2091 622 2170 lingua
637 2091 796 2169 paulatim
819 2090 982 2169 reciproca
1002 2090 1167 2168 proximae
1189 2091 1347 2169 cujusque
1364 2093 1394 2151 vi
1419 2091 1591 2153 inflectatur

388 2204 418 2260 et
431 2199 519 2259 omni
536 2215 651 2277 genere
667 2197 885 2258 mutationum
905 2201 935 2256 et
957 2196 1200 2275 migrationum‚
1217 2196 1343 2258 diversa
1364 2198 1440 2258 belli
1456 2202 1485 2258 et
1508 2211 1590 2256 com·

388 2305 498 2366 mercii
513 2305 643 2365 fortuna
661 2303 840 2364 necessario
856 2320 924 2363 esse
939 2303 1072 2377 lactum,
1088 2307 1124 2363 ut
1142 2303 1331 2364 innumerae
1351 2319 1444 2363 voces
1464 2319 1501 2362 ex
1517 2315 1590 2360 una·

389 2416 515 2481 quaque
529 2403 640 2481 lingua
656 2400 695 2461 ad
711 2401 810 2461 aliam
825 2399 1002 2478 quamlibet
1024 2400 1198 2461 transirent
1213 2400 1272 2481 (3);
1296 2419 1356 2462 nec
1378 2402 1496 2462 invitus
1520 2400 1591 2459 late·

385 2515 448 2584 tur,
466 2510 548 2571 banc
565 2509 663 2570 etiam
679 2509 780 2587 ipsius
799 2508 897 2568 luisse
919 2508 1095 2586 germanici
1111 2509 1267 2568 sermonis
1284 2507 1514 2582 conditionem,
1529 2503 1589 2583 qui,

388 2617 422 2677 in
439 2632 568 2695 quoque
585 2615 725 2689 saeculo,
742 2614 914 2674 vicissima
930 2615 1041 2688 latino,
1057 2613 1286 2693 francogallico
1302 2617 1480 2694 ceterisque
1494 2628 1590 2675 roma·

381 2724 466 2784 >niuis
492 2725 623 2804 linguis,
650 2723 729 2801 quin
757 2722 854 2782 etiam
879 2739 1027 2799 egraeeo
1056 2723 1156 2782 multa
1178 2724 1336 2785 vocabula
1364 2725 1517 2802 receperit
1538 2723 1549 2796 (
1568 2725 1588 2796 j.

385 2835 496 2910 ltaque
512 2831 594 2892 nibil
611 2832 780 2907 vituperat,
796 2828 859 2888 nisi
882 2827 1015 2888 insitum
1033 2829 1195 2907 plerisque
1212 2829 1310 2909 hujus
1330 2831 1442 2891 aetatis
1466 2827 1589 2891 eruditis

386 2941 462 3000 viris
479 2956 630 3011 errorem,
647 2954 711 3015 quo
725 2937 870 3015 neglecta
883 2942 987 2997 rectae
1002 2936 1159 3014 cujusque
1173 2937 1388 3016 indagationis
1401 2938 1464 3011 via,
1480 2941 1591 3017 etymo·

386 3047 489 3125 logias
515 3045 575 3106 sibi
605 3045 726 3122 fingant
758 3043 850 3103 nullo
877 3042 1072 3122 expeditiore
1098 3048 1153 3104 aut
1182 3045 1317 3106 certiore
1343 3045 1441 3108 modo
1468 3041 1589 3107 enodari

382 3171 491 3233 posse,
513 3169 610 3230 quam
630 3152 655 3211 si
672 3166 739 3210 sese
762 3149 909 3228 protinus
924 3149 963 3210 ad
979 3150 1229 3212 remotissimam
1251 3156 1346 3229 atque
1369 3154 1589 3214 alienissimam

387 3278 548 3341 quamque
565 3261 705 3338 linguam
721 3263 816 3335 atque
830 3257 961 3334 insuper
979 3256 1017 3317 ad
1034 3257 1220 3335 allusioneS,
1238 3259 1433 3339 analogiam,
1449 3259 1590 3322 inversio

387 3388 456 3443 nes,
473 3367 658 3430 antithesim
672 3365 854 3442 similiaque
869 3363 972 3426 lutilis
987 3365 1150 3426 doctrinae
1167 3366 1311 3428 subsidia
1326 3371 1528 3431 contulerint.

425 3724 462 3794 (l)
482 3726 551 3790 dut,
568 3730 641 3781 ae-er
659 3733 684 3781 et
699 3731 808 3796 passim.

420 3826 455 3888 (ἲ)
472 3822 549 3885 ibid„
562 3825 653 3876 ae-er.

421 3915 459 3976 (a)
475 3915 551 3979 idid,
569 3920 599 3969 al
614 3921 641 3970 ct
655 3921 766 3985 possim.

420 4013 452 4077 (l)
471 4013 506 4065 Da
522 4025 575 4081 quo
593 4013 647 4080 jam
670 4029 751 4081 supra
771 4016 836 4068 satis
851 4016 892 4068 est
906 4013 1080 4084 disputatum.
1106 4044 1134 4059 -
1160 4020 1202 4084 tt,
1218 4013 1280 4074 dum
1294 4034 1326 4075 ea
1340 4019 1472 4087 concedit,
1487 4019 1589 4089 linguae
1668 4007 1669 4042 ³

386 4108 555 4176 germanicae
569 4109 665 4161 multas
685 4121 761 4162 voces
778 4110 847 4162 baud
864 4113 993 4164 immerito
1009 4113 1134 4176 uindicat,
1149 4129 1217 4184 quea
1233 4116 1435 4185 insequentibus
1451 4117 1558 4172 saeculis
1570 4116 1590 4166 tu
1668 4143 1669 4148 κ

378 4199 533 4258 'interiorem
549 4204 628 4258 ‘lattnl
647 4208 776 4258 sermonis
800 4208 924 4274 spectem.
949 4207 1028 4276 vulgo
1050 4207 1176 4264 tos-latta
1201 4211 1309 4277 dictam,
1335 4218 1361 4267 et
1385 4215 1446 4268 tude
1469 4217 1493 4268 tn
1508 4221 1591 4268 omncs
1668 4203 1669 4274 i

386 4301 535 4354 romanicae
547 4300 662 4368 linguas,
679 4304 850 4356 transierunt.
866 4301 903 4354 ct.
922 4301 992 4366 Uist„
1009 4307 1052 4358 ta.
