3462 5452
754 603 802 676 63
831 643 872 655 «-

167 767 279 812 rernm
302 753 469 814 notionem
492 751 588 826 venit,
607 757 637 813 et
651 754 792 831 insuper,
810 771 885 814 cum
902 753 940 814 de
954 754 1140 832 quaestione
1157 753 1290 814 maximi
1312 771 1381 814 mo-

165 860 280 931 menti,
297 859 335 919 de
355 861 479 937 origine
496 861 661 932 Gotorum,
683 861 846 937 agebatur,
864 878 989 938 semper
1004 860 1105 921 haesit
1120 879 1237 938 anceps
1262 862 1295 920 in
1315 860 1380 919 dis-

166 965 326 1044 putand0,
348 984 454 1044 neque
477 967 647 1039 conclusit,
673 972 708 1027 ut
729 967 868 1026 diversas
889 967 1057 1044 opiniones
1079 971 1296 1045 componeret,
1319 967 1382 1026 nisi

167 1073 324 1133 historiae
348 1072 538 1133 detrimento
559 1077 590 1134 et
608 1078 693 1133 certa
713 1073 864 1151 quadam,
885 1074 943 1133 etsi
966 1073 1074 1133 minus
1097 1091 1255 1151 expressa,
1279 1073 1383 1132 sueci-

168 1195 282 1240 carum
298 1179 517 1239 doctrinarum
532 1181 731 1259 probatione.

209 1285 292 1345 Huic
305 1285 421 1345 iterum
437 1289 467 1344 et
482 1286 585 1344 multo
594 1286 764 1346 antecessit
778 1287 811 1345 in
827 1304 908 1346 earo
925 1286 1108 1358 Morholrus,
1122 1303 1221 1363 quem
1251 1285 1383 1361 insuper

170 1389 209 1450 de
227 1391 415 1468 quaestione
430 1392 533 1451 multo
550 1393 683 1452 liberius
701 1391 912 1470 disputavisse
934 1397 964 1452 et
987 1393 1090 1452 multo
1118 1391 1241 1450 lirmius
1255 1391 1385 1450 conclu-

171 1499 251 1558 sisse
269 1517 346 1558 mox
359 1499 534 1576 apparebit,

211 1605 383 1664 llorhofius
399 1605 485 1664 enim
497 1604 682 1681 aprincipio
699 1604 830 1664 discutit
844 1623 925 1682 quae
938 1605 1131 1665 tentaverint
1147 1605 1251 1677 Sueci,
1269 1609 1305 1665 ut
1320 1605 1382 1664 sihi

171 1711 395 1771 testimonium
410 1711 506 1771 Taciti
519 1715 719 1770 assumerent
732 1712 783 1789 (l),
801 1715 832 1769 et
845 1712 1025 1771 necessaria
1038 1712 1245 1772 conclusione
1263 1712 1381 1772 utitur:

171 1818 320 1891 Romani,
334 1819 388 1890 ait,
406 1823 437 1878 et
453 1819 519 1896 ipse
534 1819 670 1891 Tacitus,
688 1837 762 1879 cum
774 1837 879 1880 mores
905 1825 1048 1879 veterum
1064 1821 1297 1881 Germanorum
1313 1820 1384 1881 des·

172 1926 343 1997 criherent,
358 1926 466 1984 nullos
481 1924 633 1984 inducere
649 1925 992 2003 barbarospotuerunt,
1009 1928 1070 1986 nisi
1088 1946 1169 2005 quos
1188 1929 1384 1989 commercio

172 2030 282 2108 aliquo
296 2035 451 2090 noverant
467 2049 473 2103 ;
491 2049 653 2108 nusquam
680 2037 786 2091 autom
802 2032 954 2092 Romanis
978 2050 1052 2092 cum
1073 2035 1182 2094 Suecis
1207 2035 1385 2112 quidquam

171 2140 216 2199 rei
232 2139 332 2198 fuisse
347 2139 480 2198 historia
495 2139 723 2216 comperimus.
737 2139 760 2198 ll
775 2140 972 2199 carminibus
994 2140 1126 2218 insuper
1143 2141 1280 2201 heroicis
1300 2143 1384 2219 apud

173 2263 287 2308 omnes
300 2249 409 2324 gentes
423 2245 546 2322 incipit,
562 2250 595 2304 ut
609 2245 754 2317 historia,
771 2245 815 2304 ila
841 2246 957 2323 poesis,
974 2263 1033 2306 nec
1047 2246 1139 2305 aliter
1154 2246 1238 2324 apud
1266 2249 1386 2308 Snecos

172 2358 270 2430 atque
287 2356 420 2423 celeroS,
437 2351 487 2410 vel
503 2352 651 2411 Sinenses
667 2355 721 2411 aul
751 2352 955 2411 Americanos
971 2353 1026 2430 (t),
1044 2353 1164 2412 lactum
1192 2358 1248 2414 est.
1266 2355 1353 2426 Quae
1369 2373 1387 2416 a

171 2457 335 2520 lornande
352 2458 439 2518 Gotis
452 2458 638 2517 tribuuntur
653 2458 785 2516 minime
810 2458 860 2517 his
876 2458 1050 2535 peculiaria
1070 2463 1155 2531 sunt,
1173 2477 1247 2519 cum
1274 2462 1386 2521 eadem

172 2571 228 2626 aut
250 2565 370 2624 similia
393 2563 477 2641 apud
499 2581 610 2623 omnes
626 2565 824 2641 germanicas
838 2568 947 2641 gentes
970 2565 1236 2644 reperianturl3).
1268 2567 1384 2645 Majore

172 2673 308 2732 tortasse
324 2671 493 2730 sedulitate
508 2671 600 2730 Sueci
621 2670 787 2729 thesauros
803 2687 910 2730 suose
934 2655 1067 2729 vetustis
1096 2670 1213 2731 chartis
1234 2679 1386 2734 eruerunt

175 2798 275 2859 quam
300 2779 468 2851 Germani;
487 2781 524 2837 ut
552 2782 659 2836 autem
678 2782 804 2837 tantum
832 2776 975 2837 studium
1005 2776 1136 2837 laudare
1165 2783 1196 2838 et
1219 2780 1386 2841 Germanis

174 2885 403 2950 commendare
417 2885 517 2957 decet,
535 2884 578 2944 ita
592 2902 688 2962 prave
701 2885 874 2961 fingeretur
888 2885 998 2944 Suecis
1023 2885 1099 2944 solis
1114 2885 1302 2964 hujusmodi
1319 2906 1387 2947 car-

174 2995 263 3055 mina
281 2993 453 3071 contigisse
469 2993 519 3070 (l).
533 2993 612 3050 Nam
626 3008 707 3068 quae
723 2991 893 3051 Germania
908 2991 1077 3068 protulerit
1099 2992 1202 3052 multa
1212 2994 1387 3054 testifican-

175 3107 227 3161 tur
240 3100 387 3177 vestigia,
404 3097 527 3158 desidia
550 3103 687 3157 nocente
702 3096 758 3156 diu
770 3096 878 3174 ignota
894 3095 1037 3174 quidem,
1055 3097 1109 3157 sed
1124 3097 1158 3158 in
1171 3098 1277 3159 lucem
1292 3100 1387 3161 undi-

176 3225 238 3286 que
252 3223 426 3277 emersura,
446 3204 524 3264 dum
545 3203 628 3264 adsit
642 3203 739 3281 paulo
756 3203 859 3262 acrior
873 3201 1039 3280 diligentia
1054 3202 1106 3283 (5).

214 3315 328 3374 Postea
341 3312 513 3371 ltlorhofius
523 3328 589 3370 non
603 3315 704 3370 cessat
718 3309 862 3369 refellere
873 3328 954 3387 quae
971 3311 1224 3390 Stjemhjelmio,
1241 3311 1387 3374 Rudbec-

175 3419 229 3481 kio
248 3419 495 3498 gregalibusque
518 3416 710 3476 videbantur
732 3433 801 3476 esse
825 3421 1024 3494 argumenta,
1042 3416 1276 3492 demonstrans,
1300 3419 1387 3496 qnod

175 3526 328 3587 historiae
339 3525 411 3585 fidei
428 3523 587 3602 congruit,
613 3540 629 3582 e
644 3521 813 3582 Germania
829 3522 862 3581 in
875 3521 1120 3582 Scandinaviam
1138 3524 1245 3596 Gotos,
1262 3526 1312 3584 vel
1328 3526 1387 3584 ali·

176 3640 254 3714 quot
269 3652 380 3696 eorum
395 3632 509 3709 stirpes
524 3631 711 3709 pervasisse,
729 3629 862 3688 minime
889 3628 1020 3688 eosdem
1048 3647 1066 3688 a
1088 3629 1246 3708 principio
1262 3631 1296 3690 in
1312 3631 1387 3692 Ger-

176 3745 347 3806 maniame
365 3739 577 3802 Scandinavia
601 3737 765 3797 transiisse
778 3737 834 3816 (6),
860 3739 891 3795 et
907 3734 1070 3796 affirmans
1084 3753 1143 3796 nec
1158 3738 1197 3797 ob
1220 3737 1384 3814 historiae,

175 3869 234 3918 nec
249 3853 289 3915 ob
303 3852 489 3930 linguarum
509 3846 702 3908 documenta
725 3842 939 3906 dubitandum
955 3861 1023 3905 esse
1042 3841 1080 3904 de
1103 3844 1199 3923 gotici
1225 3848 1382 3909 sermonis

209 4154 245 4229 (r)
266 4155 336 4224 nne,
351 4157 398 4214 no
414 4168 474 4227 qq.

210 4258 242 4324 lt)
260 4251 338 4320 itia,
355 4259 403 4308 289
418 4264 477 4324 sqq.
494 4257 520 4308 st
534 4251 583 4307 tlt
598 4259 657 4323 sqq.

209 4349 245 4417 la)
262 4346 340 4417 itia,
354 4353 402 4404 ros
416 4358 457 4420 sq.
476 4355 503 4404 et
516 4353 575 4404 ror.

210 4447 246 4515 tl)
263 4443 341 4509 losa..
360 4446 407 4502 iol

208 4539 245 4610 (t)
261 4535 339 4612 lotch,
355 4537 540 4609 lmbl‘iblb

210 4631 245 4722 lt>
263 4631 340 4712 ttra,
355 4634 403 4700 ln
414 4637 443 4700 et
455 4639 564 4716 ptssltlh
