3462 5452
828 651 992 730 ...ι-.

303 806 403 888 credi;
423 807 596 892 ipsummet
619 809 726 894 potius
743 811 907 874 homiuem
925 819 1089 874 auctorem
1116 809 1164 874 sui
1192 807 1348 875 sermonis
1374 805 1513 873 exstitis-

303 940 373 982 se...
390 943 405 976 u
422 923 476 1000 (l).
491 921 570 982 Cum
580 941 615 983 ea
626 921 797 982 Morhofius
811 921 914 981 fusius
927 921 1244 999 latiusqueexplicet,
1262 920 1367 982 lucide
1383 921 1514 998 apparet

302 1045 376 1088 eum
387 1045 452 1088 nen
467 1028 560 1088 aliter
574 1028 722 1100 sensisse,
738 1027 838 1088 immo
859 1044 988 1088 censere
1008 1025 1095 1104 quod
1119 1025 1250 1103 quidem
1266 1031 1360 1086 antea
1376 1023 1513 1084 Diodoro

302 1134 410 1196 Siculo
422 1139 453 1193 et
464 1134 614 1211 Gregorio
627 1136 768 1213 Nysseuc
781 1135 948 1212 placuerit,
963 1151 1145 1194 sermonem
1159 1150 1240 1210 opus
1255 1131 1436 1192 humanum
1445 1147 1513 1191 esse

301 1246 332 1300 et
347 1242 522 1301 maximam
541 1245 665 1318 partem
683 1259 720 1300 ax
735 1241 975 1318 onomatopoeia
995 1241 1153 1318 originem
1179 1239 1315 1311 ducere;
1341 1255 1422 1316 quae
1445 1255 1513 1298 sen-

301 1347 411 1420 tentia,
429 1365 447 1406 a
468 1347 598 1406 Platone
614 1345 778 1424 quondam
793 1347 926 1424 prolata,
946 1364 1056 1407 rursus
1071 1351 1182 1424 postea
1197 1364 1215 1405 a
1231 1345 1389 1405 Leibnilio
1407 1345 1438 1404 in
1465 1345 1513 1403 lu-

302 1471 370 1514 cem
387 1453 472 1514 edita
482 1457 530 1514 est
542 1455 596 1532 (d).

342 1560 471 1619 Minime
487 1559 619 1637 quidem
635 1559 666 1619 in
679 1577 710 1619 re
727 1559 835 1618 lracral
851 1577 955 1636 neque
970 1559 1127 1620 nationem
1143 1560 1238 1637 plane
1254 1558 1430 1631 concludit,
1448 1559 1514 1618 sive

302 1666 388 1744 quod
403 1666 661 1726 Reformatorem
677 1666 865 1744 religionem
882 1667 1096 1738 reverebatur,
1112 1684 1193 1744 quae
1206 1684 1272 1726 non
1288 1668 1395 1727 minus
1414 1683 1511 1743 quam
1575 1684 1578 1692 ·

301 1772 541 1832 Catholiecrum
557 1773 746 1850 scrupulosa
759 1777 836 1845 erat,
852 1773 919 1850 ipse
933 1779 1052 1847 autem,
1068 1773 1187 1845 indole,
1214 1777 1250 1834 ut
1270 1780 1348 1848 erat,
1373 1774 1460 1834 mitis
1478 1791 1515 1834 ac

302 1879 395 1953 leuis,
413 1896 430 1938 a
450 1877 618 1939 movendis
631 1879 742 1938 litibus
758 1879 960 1952 abhorrebat,
977 1880 1041 1940 sive
1063 1880 1149 1958 quod
1172 1882 1394 1959 quaestionem
1411 1882 1514 1960 ipsam

301 1984 389 2061 parvi
407 1983 554 2056 iaciebat,
570 1984 692 2044 intenta
708 1985 860 2047 libentius
879 1984 918 2045 ad
933 1986 1079 2064 graviora
1099 1986 1198 2046 animi
1214 1986 1292 2048 acie.

343 2093 494 2168 Properat
516 2091 603 2150 enim
628 2091 667 2151 ad
683 2109 816 2169 eaquae
835 2091 893 2170 ipsi
910 2098 940 2152 et
956 2093 1144 2171 aequalibus
1164 2092 1234 2170 ejus
1252 2092 1424 2171 praecipua
1440 2091 1512 2151 vide

302 2196 437 2256 bantur:
456 2196 636 2257 sciscitatur
650 2214 730 2256 num
746 2197 842 2257 suerit
858 2216 921 2258 una
936 2199 1047 2277 lingua
1062 2199 1264 2278 primigenia,
1282 2216 1362 2276 quae
1377 2199 1432 2258 illa
1446 2198 1515 2259 lue-

302 2303 353 2376 rit,
371 2303 442 2380 quis
456 2306 608 2362 notorum
625 2321 816 2363 sermonum·
827 2304 852 2364 ei
871 2306 1037 2382 proximus
1049 2306 1086 2365 sit
1103 2322 1139 2366 ac
1152 2311 1320 2383 propterea
1334 2306 1517 2383 antiquissi-

303 2427 376 2470 mus
389 2408 596 2487 judicandus¹

343 2516 376 2575 Ei
395 2516 536 2594 prefecto
554 2534 620 2576 non
645 2517 790 2596 contigit,
815 2517 900 2596 quod
927 2518 1009 2578 nulli
1028 2519 1159 2579 illerum
1184 2522 1365 2598 temporum
1390 2523 1515 2597 poterat

304 2621 500 2700 contingere,
516 2626 551 2681 ut
569 2623 773 2699 quaestiones
794 2622 975 2683 reconditas
992 2624 1120 2702 plenius
1134 2624 1319 2697 illustraret,
1335 2641 1416 2701 quae
1434 2641 1515 2684 sem·

302 2727 359 2806 per
383 2727 516 2788 sortasse
545 2728 653 2806 aliqua
680 2729 875 2789 obscuritate
903 2730 1066 2791 involutae
1092 2730 1279 2804 manebunt,
1300 2737 1332 2791 at
1359 2749 1424 2791 non
1453 2732 1514 2792 fuit

303 2836 411 2895 irritus
433 2837 502 2913 ejus
528 2835 617 2895 labor
635 2852 741 2913 neque
768 2835 807 2896 ad
827 2835 908 2896 nihil
932 2836 1055 2897 recidit.
1080 2839 1146 2898 Hce
1168 2838 1283 2898 meritc
1306 2837 1513 2898 commenda-

301 2942 375 3002 bilis
398 2946 455 3014 est,
473 2941 559 3020 quod
580 2941 790 3020 investigandi
812 2961 926 3021 genere
942 2961 1072 3021 prorsus
1088 2943 1151 3003 alio
1169 2962 1247 3004 usus
1265 2949 1313 3004 est
1331 2950 1426 3022 atque
1443 2962 1513 3005 om-

300 3068 356 3110 nes
373 3050 570 3128 quicumque
586 3047 623 3108 de
640 3049 702 3108 illis
719 3049 813 3109 rebus
834 3054 1060 3123 tractaverunt,
1073 3051 1148 3128 quia
1162 3068 1227 3110 non
1240 3052 1346 3110 solum
1364 3051 1512 3111 acumine

300 3155 433 3234 ingenii,
451 3154 505 3215 sed
531 3155 627 3214 etiam
649 3171 766 3234 magna
781 3155 933 3216 historiae
956 3157 1070 3216 notitia
1093 3157 1267 3217 instructus
1290 3157 1327 3216 ad
1344 3158 1513 3218 materiam

300 3263 443 3324 accessit.
456 3261 542 3322 noue
558 3261 644 3338 quod
664 3263 813 3341 purgavit
833 3264 952 3338 locum,
976 3264 1009 3323 in
1024 3281 1088 3341 qno
1106 3281 1205 3324 vanae
1226 3264 1393 3342 opiniones
1406 3264 1513 3343 pullu-

300 3372 454 3444 laverant,
472 3369 557 3447 quod
574 3368 737 3430 doctrinae
756 3388 814 3448 opo
831 3371 930 3430 fretus
949 3371 1029 3430 salsa
1042 3388 1123 3448 qnae
1142 3370 1325 3432 serebantur
1340 3371 1378 3432 de
1399 3389 1512 3450 perpe-

299 3478 413 3538 tuitate
429 3475 640 3554 primigeniae
662 3475 802 3555 linguae,
821 3475 947 3554 dejure
968 3476 1097 3554 proprio
1118 3476 1259 3537 hebraici
1281 3477 1448 3548 sermonis,
1473 3476 1511 3538 dc

299 3584 379 3644 lictis
395 3582 588 3662 quibusdam
606 3582 755 3658 vinculis,
773 3583 890 3660 quibus
907 3600 982 3644 cum
998 3583 1110 3643 ceteris
1124 3583 1326 3644 sermonibus
1341 3588 1511 3644 connecte·

300 3695 399 3764 retur,
416 3689 541 3768 egregie
562 3689 750 3749 confutavit.

338 3799 410 3859 lam
426 3801 520 3856 antea
535 3796 659 3856 ultimis
675 3794 756 3856 xv1¹
772 3795 891 3856 saeculi
911 3794 1015 3868 annis,
1033 3795 1087 3856 sed
1104 3796 1320 3876 multomagis
1335 3813 1392 3876 per
1405 3801 1510 3860 totum

298 3905 418 3967 llVllum
433 3904 611 3976 saeculum,
636 3904 806 3982 scriptores
830 3903 962 3981 quidam
989 3903 1157 3965 liberiores
1178 3909 1208 3965 et
1234 3904 1434 3979 audaciores,
1456 3905 1511 3967 sed

297 4029 363 4074 non
379 4011 445 4073 suis
459 4009 647 4090 aequalibus
660 4008 894 4089 prudentiores,
911 4007 1065 4070 traditum
1078 4029 1096 4070 a
1109 4010 1269 4089 prioribus
1287 4011 1403 4092 jugum
1419 4030 1511 4074 exeu-

297 4121 362 4181 tere
382 4121 591 4194 tentaverant,
609 4123 639 4178 et
658 4117 864 4204 privilegium
890 4115 970 4178 illud
989 4116 1111 4196 priscae
1129 4116 1329 4198 antiquitatis
1352 4118 1424 4180 aliis
1440 4122 1509 4182 tum

296 4331 651 4346 Q

299 4481 368 4549 ¹ili)
387 4485 543 4553 aeterniter,
557 4485 585 4540 Τ.
603 4489 622 4550 l,
636 4485 690 4540 tib.
709 4497 742 4552 ιι,
759 4501 818 4556 cup.
837 4490 859 4546 l.
877 4486 891 4555 fi
907 4487 931 4542 l.

331 4579 368 4652 (a)
386 4583 423 4636 ci.
434 4585 576 4636 Nocveaue
589 4585 685 4648 decori,
700 4587 775 4638 lere
785 4588 827 4648 ut,
839 4586 916 4655 clrap.
930 4601 957 4650 ιι,
972 4583 1006 4658 fil
1022 4588 1079 4660 (dp.
1093 4584 1179 4656 iuuet,
1192 4587 1211 4656 l,
1224 4587 1283 4658 rat)
1296 4591 1322 4646 a
1341 4587 1508 4645 submersae

296 4677 400 4742 bellaria
415 4681 468 4736 aad
480 4681 644 4748 Seliotlettio,
659 4695 685 4756 p.
705 4685 746 4752 ili,
763 4696 788 4738 lt·
809 4686 864 4740 ttl.
