3462 5452
658 677 686 690 -
728 633 788 710 55'
806 678 847 692 ..

141 795 314 870 praecepta
334 807 444 852 rursus
460 787 612 870 redigere.
632 791 741 869 Itaque
755 790 849 852 breve
865 793 990 852 tuntum
1009 796 1055 852 est
1069 789 1299 870 compendium
1315 785 1353 851 de

140 900 372 978 orthographia
396 917 487 976 opuS,
505 899 556 958 cui
582 899 712 960 titutum
738 900 914 976 imposuit:
941 896 1056 959 Kortze
1082 897 1147 959 oud
1172 896 1354 980 prdudticde

139 1006 324 1084 Auleittmp,
341 1006 469 1068 brevius
492 1006 589 1066 etiam
606 1024 703 1084 quam
721 1010 756 1066 ut
771 1005 845 1065 inde
867 1005 1022 1066 hactenus
1037 1006 1200 1085 incognita
1226 1004 1354 1082 prodire

140 1115 318 1194 potuerint.

180 1223 313 1284 Duobus
324 1240 399 1282 vero
415 1222 507 1282 annis
517 1227 590 1299 post
605 1221 728 1282 editum
740 1219 823 1302 Opus
837 1221 966 1292 exactis,
982 1221 1096 1281 eodem
1120 1222 1185 1282 sere
1200 1222 1354 1299 temporis

139 1336 262 1410 puncto
284 1329 430 1408 prodiere
446 1329 562 1406 scripta
573 1327 649 1401 duo,
666 1346 684 1386 a
699 1328 815 1406 quibus
832 1328 961 1386 insolita
976 1345 1049 1388 vere
1064 1328 1190 1405 incepta
1211 1333 1242 1388 et
1266 1329 1356 1390 inau-

141 1437 227 1497 ditae
238 1436 401 1497 doctrinae
416 1435 502 1495 viam
516 1434 693 1512 philologia
707 1435 890 1512 germanica
902 1451 979 1494 mox
994 1435 1076 1494 iniit.
1092 1437 1246 1512 Namque,
1269 1453 1353 1495 anno

147 1544 237 1615 1665,
259 1542 446 1602 Franciscus
472 1541 588 1603 Junius
603 1541 667 1600 voti
690 1541 750 1612 sui,
768 1540 893 1600 favente
914 1539 1008 1600 viridi
1031 1544 1206 1613 senectute,
1224 1557 1356 1618 compos

143 1649 299 1721 tandem,
326 1649 438 1709 Utirlae
461 1645 635 1727 anupett'a
658 1648 691 1707 in
714 1648 830 1726 vulgus
859 1647 977 1717 attulit,
994 1645 1140 1707 nondum
1159 1645 1291 1723 quidem
1316 1646 1357 1707 ad

143 1774 289 1836 unguem
304 1759 424 1828 exacta,
438 1754 500 1814 fida
515 1759 623 1815 tamen
638 1758 670 1814 et
683 1755 806 1832 integra
835 1749 955 1814 Codicis
969 1751 1117 1833 Arpeutei
1135 1754 1286 1827 editione,
1303 1755 1357 1815 661

144 1862 336 1925 Glossarium
353 1860 513 1923 Gothicum
526 1860 701 1933 addiderat,
717 1861 851 1921 unicum
867 1865 897 1921 et
910 1861 1065 1920 eximium
1086 1860 1221 1933 iontem,
1238 1879 1277 1921 ex
1292 1879 1356 1939 quo

144 1987 202 2048 per
227 1971 342 2048 longos
366 1985 466 2028 annos
494 1971 561 2027 tota
576 1967 809 2028 vocabulorum
833 1967 1015 2045 goticorum
1044 1969 1177 2029 scientia
1202 1970 1355 2030 manavit.

145 2077 269 2138 Eodem
293 2076 358 2136 iere
381 2080 536 2152 tempore,
565 2074 732 2146 Resenius,
762 2074 874 2134 multis
909 2091 985 2134 cum
1013 2076 1355 2149 commentationibus,

144 2178 275 2242 Eddam
302 2177 549 2240 Suorrouiauam
578 2179 799 2257 majoremque
822 2183 947 2256 partem
972 2175 1221 2240 Saemundtanae
1245 2177 1358 2241 Eddae

143 2288 269 2368 publici
281 2287 363 2365 juris
379 2286 464 2346 fecit.

182 2395 278 2454 Anno
298 2393 352 2452 vix
372 2395 482 2452 exacto
504 2390 620 2469 (1666),
646 2391 770 2451 Suecici
794 2391 982 2451 canceltarii
1011 2391 1050 2452 de
1077 2394 1120 2451 La
1145 2391 1259 2452 Gardie
1281 2409 1357 2452 cura

146 2497 759 2578 166666616516666616166[1666116666
775 2502 876 2558 coetus
899 2515 974 2558 suos
1001 2498 1102 2558 inibat
1118 2517 1124 2571 ;
1141 2499 1197 2570 ibi,
1213 2499 1358 2575 praeside

146 2609 202 2668 illo
216 2608 299 2678 vire,
314 2610 351 2666 61
360 2605 498 2667 civitatis
510 2604 666 2676 studioso,
686 2604 730 2662 ita
751 2603 907 2681 prudente
921 2609 953 2664 et
966 2604 1121 2677 66661166,
1134 2609 1260 2665 tantum
1284 2623 1358 2682 pro-

144 2715 221 2776 fecit
236 2713 325 2774 brevt
349 2713 502 2790 temporis
522 2713 625 2790 spatio
648 2713 895 2772 vernacularum
910 2712 944 2772 in
958 2713 1072 2774 Suecia
1100 2714 1279 2774 litterarum
1296 2719 1360 2774 stu-

146 2819 251 2892 dium,
281 2823 315 2878 61
330 2835 406 2878 mox
428 2819 462 2878 in
491 2818 661 2878 Germania
687 2818 903 2878 excitarentur
917 2820 1045 2878 aemula
1069 2819 1356 2896 diligentiaanimi.

154 2928 253 2986 Plura
267 2925 301 2984 in
317 2923 384 2984 dies
411 2924 627 2984 atterebantur
651 2923 753 2983 doctis
777 2924 853 2983 viris
871 2923 1083 2984 documenta:
1103 2926 1247 2986 teretius
1273 2926 1359 2985 enim

150 3031 405 3108 antiquissimas,
423 3034 453 3090 et
479 3047 532 3090 eas
547 3017 850 3108 praestantissimae,
867 3029 1027 3102 historiae,
1045 3048 1124 3107 quas
1140 3027 1359 3110 666666661-

146 3142 236 3210 nant,
254 3136 435 3214 evulgabat,
450 3137 582 3214 jamque
609 3136 704 3194 rectis
731 3151 830 3212 prope
854 3135 1031 3212 principiis
1049 3135 1126 3212 quid
1155 3136 1360 3196 sentiendum

150 3247 235 3304 esset
257 3243 296 3303 de
311 3260 384 3302 vera
399 3243 515 3304 veteris
530 3240 676 3300 islandici
694 3241 851 3301 sermonis
876 3244 1037 3301 structura
1052 3247 1082 3301 et
1098 3242 1233 3302 flexione
1248 3244 1360 3304 verbo-

150 3367 222 3410 rum
238 3348 462 3426 disputabatur
474 3350 530 3423 (1).

190 3457 243 3517 Sic
257 3473 323 3516 uno
336 3456 445 3515 tenore
459 3453 629 3514 nordicum
653 3458 742 3514 vetus
758 3472 794 3514 66
809 3455 952 3532 goticum
967 3455 1027 3514 sibi
1040 3455 1202 3516 vindicare
1226 3458 1362 3534 philolo-

157 3564 227 3642 giae
254 3561 456 3642 germanicae
484 3578 673 3620 concessum
698 3565 775 3632 erat,
801 3577 838 3620 66
864 3577 949 3621 nova
983 3560 1129 3638 detegere
1158 3567 1189 3620 et
1216 3562 1361 3624 nondum

157 3669 284 3748 cognita
300 3669 332 3728 in
347 3672 509 3728 certamen
521 3666 688 3727 deducere.

194 3777 278 3836 Haeo
299 3775 397 3851 igitur
420 3773 559 3850 pretiosa
584 3795 598 3827 u
612 3773 762 3849 antiquae
790 3773 1023 3834 Germanorum
1048 3775 1249 3852 sapientiae»
1274 3777 1362 3836 testi-

159 3882 268 3943 monia
281 3879 464 3950 MorhotiuS,
482 3878 599 3956 cupido
615 3896 741 3955 semper
759 3883 788 3938 et
811 3895 968 3939 novarum
994 3897 1101 3939 rerum
1122 3885 1154 3940 et
1169 3881 1363 3943 ineditorum

161 3988 429 4048 documentorum
453 3985 582 4061 ingenio
607 3985 777 4060 impulsus,
804 3985 939 4045 libenter
963 3986 1079 4062 excipit
1101 3991 1132 4045 et
1160 3987 1233 4047 inde
1256 3990 1364 4050 statim

160 4096 242 4156 inter
255 4094 377 4173 primos
393 4092 426 4151 in
446 4092 615 4151 Germania
638 4091 749 4150 doctos
771 4092 856 4150 viros
877 4097 1066 4168 argumenta
1088 4094 1177 4169 petit,
1201 4113 1282 4170 quae
1303 4097 1364 4156 tin-

162 4221 241 4280 guae
256 4199 457 4280 germanicae
471 4198 588 4258 melius
602 4198 840 4276 cognoscendae
855 4198 1005 4274 prodesse
1019 4205 1163 4276 poterant
1179 4202 1231 4276 (⁶2).

191 4491 226 4555 (t)
248 4490 425 4550 ct.1taumer,
444 4493 500 4552 152,
518 4493 641 4540 155156.

192 4587 229 4650 (2)
249 4584 325 4645 6666
344 4584 376 4636 66
393 4584 494 4636 Uttitam
508 4587 611 4645 attinet,
629 4583 688 4635 ride
702 4584 786 4645 int'ra;
810 4586 869 4634 item
886 4584 956 4649 quod
971 4584 1003 4635 ad
1018 4588 1105 4652 getica
1119 4585 1206 4638 studia
1223 4587 1247 4634 16
1263 4595 1365 4634 summa

167 4681 222 4730 t'nt.
236 4683 328 4740 5966,
344 4683 430 4740 tte-ot,
446 4682 509 4741 1313
525 4679 596 4745 quod
610 4678 643 4730 ed
658 4679 771 4740 Eiidem,
791 4679 824 4730 ct.
840 4681 992 4743 praesertim
1009 4681 1078 4742 tot,
1094 4682 1252 4740 65666365
1266 4680 1290 4727 et
1304 4691 1365 4741 pas-

163 4775 227 4836 sim3
242 4773 368 4840 denique,
382 4773 453 4840 quod
468 4773 501 4825 ad
512 4773 619 4826 nordica
633 4772 730 4834 studia,
748 4774 816 4834 Uet,
834 4775 957 4824 tot-tto.
