3446 5452
859 575 1075 658 -tcs-

365 729 501 796 mendas
517 729 555 796 de
570 731 773 814 etymologiis
789 729 1028 814 disquisitiones
1041 731 1186 796 conterre
1200 735 1348 813 possent;
1366 729 1451 814 apud
1469 727 1583 795 Schot-

364 842 479 903 telium
493 845 604 902 contra
618 841 700 902 nihil
716 842 866 921 reperias,
891 843 952 903 nisi
980 859 1142 902 summam
1162 859 1272 903 aarum
1287 842 1580 921 contemptionem,

363 967 439 1012 cum
453 968 493 1012 ne
509 951 569 1010 sibi
583 949 714 1029 quidem
729 951 848 1028 fingere
863 954 970 1029 queat,
982 947 1106 1010 erudito
1118 950 1185 1010 viro
1201 948 1380 1028 quidquam
1395 965 1494 1010 curae
1511 964 1581 1008 esse

362 1073 467 1134 posse,
485 1056 648 1134 quomodo
665 1056 744 1118 haec
767 1060 822 1117 aut
846 1058 901 1118 illa
917 1075 978 1117 vox
1001 1056 1114 1117 inune
1132 1057 1181 1117 vel
1201 1058 1301 1117 altera
1320 1055 1455 1118 dialecto
1474 1073 1581 1116 enun-

363 1163 463 1224 tietur
479 1163 532 1240 (l).

403 1271 466 1330 Nec
481 1269 666 1348 negandum
691 1271 821 1348 insuper
837 1289 854 1330 a
877 1271 1032 1332 Morhoilc
1049 1288 1180 1332 causam
1194 1275 1229 1331 ut
1248 1271 1373 1343 acriter,
1400 1272 1443 1331 ita
1464 1275 1580 1350 argute

367 1393 434 1437 esse
453 1380 569 1448 actam,
590 1394 664 1436 cum
680 1378 808 1438 nullum
833 1379 1085 1455 praetermiserit
1099 1383 1338 1457 argumentum,
1365 1396 1427 1456 quo
1446 1376 1580 1456 potissi-

364 1498 456 1542 mum
471 1483 649 1560 pertinaces
664 1483 870 1560 antiquarum
887 1485 1065 1545 litterarum
1079 1483 1261 1546 defensores
1276 1502 1313 1545 ac
1326 1485 1476 1557 fautores,
1493 1501 1579 1562 quos

363 1605 437 1666 prae
453 1589 565 1650 ceteris
588 1591 777 1650 convincere
794 1591 954 1663 intererat,
971 1591 1115 1652 adhibita
1130 1596 1308 1670 opportune
1332 1593 1473 1670 ipsorum
1487 1596 1578 1650 vete-

364 1711 437 1755 rum
462 1696 666 1774 scriptorum,
695 1698 866 1776 praecipue
890 1700 1041 1760 Varronis
1064 1699 1117 1776 (2),
1146 1700 1346 1773 auctoritate,
1373 1716 1577 1761 commovere

364 1805 460 1879 atque
475 1801 607 1864 edocere
622 1803 742 1864 liceret.

403 1909 491 1971 Adde
516 1910 601 1988 quod
624 1912 814 1985 orationem,
841 1913 966 1990 quoties
989 1913 1124 1974 idoneus
1147 1912 1251 1974 adfuit
1276 1932 1365 1986 usus,
1397 1913 1573 1974 indefessus

367 2017 604 2096 redintegravit,
628 2019 696 2096 pari
716 2019 884 2080 sedulitate
903 2039 990 2081 nurnc
1010 2020 1048 2082 de
1068 2022 1271 2100 germanicis
1292 2040 1380 2084 nunc
1405 2022 1443 2084 de
1467 2039 1572 2083 roma-

367 2124 448 2184 nicis
463 2125 649 2202 vulgaribus
665 2125 809 2186 dialectis
828 2128 1003 2205 proeliatus
1018 2127 1072 2205 (3).

404 2231 493 2293 Unde
506 2233 575 2310 jam
587 2233 771 2311 perspicum
785 2234 891 2304 luerit,
909 2235 1077 2306 Leihnili0,
1095 2236 1252 2296 concinne
1272 2235 1404 2314 quidem
1426 2236 1570 2314 pluribus

366 2340 598 2417 opusculorum
624 2357 758 2400 suorum
785 2340 864 2400 locis
888 2343 1092 2413 memoranti,
1118 2348 1275 2420 quantum
1305 2367 1318 2397 κ
1346 2344 1386 2404 ad
1401 2345 1569 2421 perlectam

365 2446 551 2525 linguarum
566 2447 715 2508 notitiam
741 2470 755 2501 s
780 2449 948 2525 pertineat,
976 2447 1164 2509 «dialectos
1187 2467 1315 2528 quoque
1334 2451 1568 2527 provinciarum

365 2553 515 2631 cognosci
538 2554 747 2631 propriasque
770 2571 864 2613 voces
887 2555 991 2613 notari
1011 2577 1025 2608 »
1049 2555 1103 2628 (dl,
1123 2553 1205 2614 nihil
1230 2555 1330 2614 relicti
1355 2554 1443 2615 aliud
1464 2555 1566 2626 inisse,

365 2679 462 2739 quam
478 2665 524 2732 ut,
542 2680 605 2738 qua
618 2661 812 2740 jamdudum
825 2665 947 2739 pateret
961 2662 1022 2734 via,
1047 2665 1203 2740 pergeret,
1219 2661 1340 2722 nedrrm
1362 2663 1429 2740 ipse
1453 2680 1508 2740 pro
1535 2679 1567 2722 eo

366 2769 406 2828 sit
420 2767 598 2838 habendus,
616 2769 671 2845 qui
687 2785 755 2828 eam
770 2769 892 2846 primus
906 2769 1076 2846 aperuerit.

401 2875 582 2953 Ccnjuncta
604 2875 701 2954 igitur
714 2875 904 2952 antiquioris
921 2876 1048 2953 linguae
1061 2881 1089 2935 et
1108 2875 1290 2953 vulgarium
1307 2893 1493 2936 sermonum
1514 2893 1567 2953 ope

364 2981 634 3060 etymologiarum
647 2981 867 3059 indagatorem
876 3000 1036 3059 quemque
1048 2982 1108 3041 niti
1119 2981 1217 3054 decet,
1232 3000 1301 3055 uec,
1316 2983 1342 3042 si
1357 2984 1428 3059 quis
1440 2989 1569 3062 utroque

362 3089 451 3149 sonte
467 3088 599 3147 solerter
621 3087 716 3148 luerit
734 3106 822 3160 usne,
838 3089 870 3147 in
886 3090 988 3149 ullam
1004 3088 1199 3150 incidettam
1210 3090 1380 3150 obscuram
1394 3096 1450 3151 aut
1465 3109 1569 3152 recon-

366 3194 467 3255 ditam
481 3211 594 3255 vocem
613 3211 712 3272 quam
727 3212 792 3254 non
808 3195 938 3256 tandem
956 3197 1112 3274 expediat.
1137 3196 1228 3270 Quod
1249 3201 1285 3257 ut
1300 3199 1479 3272 confirmet,
1496 3199 1570 3259 Mor-

365 3302 469 3363 hcdus
495 3301 653 3378 quaedam
679 3302 770 3362 ailert
794 3320 812 3361 a
835 3303 962 3363 Vorstio
985 3302 1106 3363 adscita
1132 3304 1289 3381 exempla,
1316 3322 1332 3364 e
1357 3304 1476 3382 quibus
1501 3323 1571 3366 sane

363 3412 504 3487 apparet,
535 3412 694 3485 quantum
728 3409 935 3486 potissimum
970 3383 1277 3502 antiquicr'lingua
1315 3412 1427 3471 auxilii
1466 3415 1571 3474 atl'erre

361 3745 424 3798 pore
439 3736 504 3785 raris
518 3734 666 3800 vulgarium
687 3746 838 3785 sermonum
851 3732 1034 3784 defensoribus
1050 3736 1090 3784 est
1108 3732 1324 3785 adnumerandus
1340 3747 1346 3783 :
1361 3737 1388 3784 ut
1408 3736 1490 3785 tantis
1503 3747 1570 3786 scm·

362 3831 412 3882 uiis
425 3830 547 3882 laborant
559 3831 617 3896 ejus
629 3829 661 3882 de
674 3829 723 3882 hoc
736 3832 894 3896 argumento
908 3828 1015 3894 placite,
1031 3833 1060 3879 ut
1073 3827 1216 3879 ltorlrotrus
1229 3841 1280 3880 non
1297 3827 1377 3880 semel
1400 3841 1484 3893 prono
1499 3829 1573 3880 nimis

362 3927 427 3986 viro,
444 3926 508 3990 ipsis
521 3939 589 3992 quae
606 3923 722 3976 defendit
735 3923 830 3974 studiis
843 3922 988 3989 periculum
1003 3922 1119 3982 iactanti,
1134 3922 1267 3975 adversari
1281 3922 1385 3974 debeat.

396 4023 432 4086 tl)
449 4019 523 4085 dass.
536 4019 634 4080 Arbeit,
655 4023 720 4070 tea:
740 4017 883 4070 alslauch
900 4018 959 4069 dem
974 4017 1061 4069 studio
1079 4017 1186 4083 linguae
1199 4019 1369 4070 Germanicae
1382 4017 1467 4069 demit
1483 4021 1572 4085 wenig

362 4114 494 4180 gedieuet,
509 4114 571 4165 dass
583 4115 656 4166 einer
668 4114 756 4174 wisse,
773 4113 822 4164 wie
844 4113 885 4164 ein
900 4111 1013 4164 leutsch
1030 4113 1106 4164 Wort
1121 4113 1147 4162 in
1169 4111 1216 4163 der
1236 4110 1365 4171 Schweiz,
1379 4111 1405 4162 in
1428 4112 1576 4173 Oestreich,

362 4209 387 4260 in
411 4207 541 4269 Franken,
564 4209 732 4269 tullensem,
757 4210 782 4260 in
797 4207 959 4273 Thttrlngeu,
980 4209 1005 4258 in
1020 4205 1202 4273 Westplraleu,
1218 4207 1253 4257 im
1271 4206 1342 4258 Laud
1359 4205 1577 4276 Breunsclrwetg,

364 4302 545 4369 Mecltelburg,
562 4316 599 4363 u..
621 4302 709 4354 werde
722 4300 936 4370 ausgesprochen
953 4319 978 4354 s.

395 4398 431 4462 (2)
453 4399 523 4459 tina,
539 4400 580 4448 as.

394 4491 431 4558 (3)
451 4492 526 4554 idid,
543 4493 656 4544 toti-tot
671 4496 698 4544 et
714 4494 772 4543 till.

396 4587 433 4656 (t)
450 4588 522 4650 Dat,
538 4589 579 4650 V1,
594 4601 656 4653 pars
668 4589 687 4649 t,
703 4589 744 4650 89,
761 4591 818 4651 106,
836 4591 895 4639 116.
