3462 5452
635 533 896 635 'vaa-

668 907 831 992 ,CAPUT
859 909 923 983 lll.

407 1168 450 1216 DE
472 1165 619 1230 GRAECA,
644 1165 766 1214 LATINA
789 1167 828 1213 ET
847 1164 1031 1216 aorlxurcls
1056 1165 1199 1214 LINGUIS.

685 1384 921 1398 Μ

235 1589 416 1651 Constituto
442 1590 475 1650 in
499 1590 604 1663 illum,
633 1607 731 1669 quem
763 1607 859 1668 supra
877 1588 1029 1662 vidimus
1057 1588 1192 1651 modum
1225 1590 1410 1668 linguarum

193 1713 428 1774 europaearum
444 1702 624 1770 stemmate,
634 1697 805 1758 Morholius
818 1697 905 1757 haud
920 1714 1012 1775 aegre
1023 1697 1409 1758 sermonemhellenicum

196 1803 236 1864 ad
258 1805 354 1864 istam
373 1804 541 1865 barbaram
563 1805 722 1882 originem
742 1804 848 1875 refert,
872 1821 953 1881 quae
978 1803 1039 1880 ipsi
1068 1821 1194 1882 semper
1217 1805 1408 1882 praecipuae

195 1929 291 1972 curae
311 1915 368 1972 est.
396 1913 430 1971 Et
447 1911 476 1971 ei
501 1910 633 1990 quidem
654 1896 843 1989 argumenta
866 1910 1123 1988 documentaque
1146 1913 1232 1972 ultro
1254 1911 1407 1989 praebent

197 2035 311 2078 omnes
340 2017 538 2095 antiquiores
563 2017 748 2097 philosophi
774 2035 947 2095 rerumque
974 2018 1200 2078 historicarum
1226 2021 1407 2097 scriptores.

196 2125 293 2184 Juvat
306 2142 382 2184 eum
398 2125 431 2184 in
446 2125 669 2184 testimonium
680 2142 793 2185 vocare
806 2142 894 2184 nunc
908 2125 1113 2186 Aristotelem
1122 2124 1164 2204 (1)
1175 2131 1410 2187 memorantem

200 2233 455 2311 «philosophiae
475 2250 593 2293 munus
609 2251 627 2292 a
642 2232 784 2291 barbaris
801 2231 893 2291 initia
913 2233 1099 2310 sumpsisse,
1112 2233 1181 2311 ejus
1197 2233 1283 2293 enirn
1299 2239 1409 2294 aucto-

200 2357 260 2410 res,
275 2339 358 2399 inter
373 2345 505 2411 ceteros,
520 2339 681 2400 Celtarum
697 2356 752 2398 seu
766 2338 931 2398 Gallorum
947 2338 1082 2398 Druidas
1095 2344 1126 2399 et
1137 2357 1191 2400 eos
1205 2341 1259 2418 qui
1279 2342 1410 2400 Semno-

197 2445 263 2506 thei
277 2446 531 2524 appellabantur,
545 2445 702 2505 exstitisse
716 2449 746 2504 et
756 2445 894 2505 Galliam
908 2445 1058 2505 Graeciae
1068 2447 1255 2524 magistram
1266 2447 1365 2508 fuisse
1380 2472 1407 2521 a,

199 2558 255 2613 aut
271 2553 439 2613 Platonem
454 2553 510 2626 (al,
528 2552 666 2612 Socratis
687 2568 741 2611 ore
763 2551 795 2610 in
821 2548 950 2630 Crotylo
972 2557 1170 2624 monentem,
1193 2577 1207 2607 «
1224 2555 1327 2614 multa
1350 2573 1409 2614 no-

198 2660 287 2719 mina
303 2660 439 2719 Graecos
455 2677 472 2718 a
492 2658 645 2729 barbaris,
667 2675 720 2717 eos
737 2658 925 2734 praesertim
944 2658 998 2734 qui
1015 2659 1097 2718 inter
1111 2660 1262 2720 barbaros
1285 2661 1409 2722 habita-

199 2770 280 2838 rent,
295 2764 456 2841 accepisse
467 2782 492 2837 »3
504 2781 591 2825 nunc
601 2763 796 2823 Herodotum
812 2765 852 2839 (3)
865 2763 1113 2837 existimantem,
1124 2791 1138 2821 «
1151 2767 1285 2826 barbara
1299 2769 1410 2848 lingua

200 2892 275 2934 usos
290 2890 359 2933 esse
375 2873 524 2949 Pelasgos
541 2894 568 2942 a,
584 2875 640 2930 aut
652 2871 841 2931 Strabonmn
858 2871 900 2946 (l)
914 2876 1110 2944 narrantem,
1125 2873 1315 2934 «Graeciam
1331 2878 1409 2936 olim

201 3001 218 3042 a
238 2981 382 3042 barbaris
403 2979 581 3040 habitatam
605 2979 755 3056 ipsosque
782 2978 929 3055 Pelasgos
948 2977 1099 3037 barbaros
1128 2979 1227 3040 fuisse
1249 3000 1275 3052 »;
1294 2984 1410 3043 varm-

198 3106 274 3148 nem
301 3085 344 3166 (5)
374 3085 489 3146 deinde
517 3089 754 3162 agnoscentem,
780 3107 794 3138 «
824 3101 842 3142 a
865 3083 1009 3142 barbaris
1036 3084 1171 3145 Graecos
1203 3087 1409 3164 alphabetum

201 3212 297 3255 suurn
325 3193 500 3269 sumpsisse
526 3195 557 3250 et
580 3191 683 3267 ipsam
709 3191 854 3267 linguam
879 3189 1012 3249 latinam
1039 3192 1196 3268 originem
1221 3193 1336 3256 ducere
1366 3214 1407 3268 »3

201 3300 278 3379 quid
303 3299 427 3358 multa?
443 3301 576 3357 cunctos
597 3296 688 3373 quasi
709 3295 853 3356 certatim
880 3296 1043 3355 confessos
1065 3314 1083 3355 a
1104 3297 1246 3359 barbaris
1271 3302 1409 3380 Scythis,

202 3404 434 3484 Hyperboraeis
475 3407 505 3463 et
538 3402 711 3462 Thracibus
749 3402 870 3461 incolas
905 3406 936 3461 et
968 3401 1132 3479 linguam,
1171 3404 1410 3484 philosophiam

202 3511 441 3588 maximamque
465 3509 630 3588 religionis
654 3513 789 3585 partem,
813 3512 895 3566 artes
922 3512 952 3567 et
975 3508 1080 3585 prima
1103 3509 1304 3573 humanioris
1329 3515 1411 3576 vitae

203 3619 385 3680 rudimenta
404 3617 564 3694 accepisse
581 3616 716 3676 Graecos
732 3615 786 3693 (6).

241 3727 310 3799 Qua
327 3729 435 3784 tamen
452 3727 716 3801 argumentorum
731 3721 824 3798 copia
839 3721 1040 3796 llorhofium,
1058 3726 1205 3802 quamvis
1227 3745 1275 3800 ea,
1299 3733 1335 3788 ut
1354 3747 1412 3807 par

204 3837 281 3906 erat,
298 3832 347 3892 sui
363 3829 525 3890 commodi
542 3846 638 3889 causa
653 3827 764 3889 sedulo
780 3827 941 3901 adhibeat,
959 3830 1086 3891 modice
1098 3837 1225 3894 tantum
1242 3837 1288 3895 uti
1311 3838 1412 3898 saten-

238 4111 273 4180 (l)
294 4116 364 4176 Unt,
382 4118 433 4178 22;
447 4114 479 4166 de
493 4110 657 4180 philosophis
669 4110 704 4162 ci.
719 4109 798 4160 ettam
815 4121 840 4172 p.
854 4110 946 4158 rl-rt.

234 4216 271 4277 (a)
289 4211 367 4272 rora,
383 4214 425 4262 aa.

236 4307 273 4374 (3)
289 4307 368 4370 ltin,
382 4311 424 4358 at.

234 4402 271 4470 (t)
289 4403 366 4466 leia,
380 4403 416 4455 id.

234 4497 271 4565 (5)
289 4498 366 4560 leid„
380 4501 471 4550 at-aa.

235 4594 272 4659 tt)
288 4594 365 4657 reru,
382 4597 476 4659 22-253
491 4597 579 4647 rr-ra.
