3462 5452
739 571 926 653 ..21..

225 731 334 808 galam
347 726 448 801 linxit,
465 726 569 788 multo
585 721 763 789 modestius
777 745 852 789 mox
866 723 904 789 de
919 726 1032 789 eedem
1048 727 1155 802 sentit,
1170 725 1223 789 uhi
1241 725 1280 789 ad
1295 720 1441 790 conside-

225 835 360 898 randam
374 835 557 914 linguarum
571 853 803 914 europaeorum
817 836 973 915 originem
985 835 1255 908 venit.llam,tum
1269 835 1442 896 Boxhornii

225 943 437 1021 Morhofiique
456 941 648 1002 doctrimam
663 943 841 1021 amplexus
871 941 1031 1020 scythicae
1056 941 1187 1020 linguae
1215 921 1442 1020 propagandae

225 1051 385 1111 rationem
400 1049 580 1110 atmodum
595 1049 728 1109 itaartis
747 1049 865 1108 finibus
881 1049 1041 1121 terminat,
1058 1054 1105 1121 ut,
1121 1049 1240 1109 omissa
1254 1050 1322 1128 jam
1352 1049 1441 1108 omni

227 1158 413 1236 linguarum
427 1157 633 1217 asiaticarum
648 1157 823 1226 mentione,
845 1174 917 1216 eam
936 1155 1163 1215 tantummodo
1184 1173 1241 1234 pro
1268 1174 1442 1233 europaeo-

226 1282 300 1324 rum
325 1267 425 1323 maire
450 1263 575 1323 habeat.
603 1263 702 1340 Igitur
730 1286 744 1317 «
765 1263 923 1322 vocabula
943 1262 1114 1322 innumera
1141 1263 1279 1332 Graecis,
1308 1263 1440 1337 Latinis,

227 1371 405 1443 Germanis
422 1371 520 1431 Gallis
546 1370 732 1430 communia
760 1369 799 1428 ad
828 1369 966 1446 origines
995 1385 1184 1429 communes
1211 1386 1251 1428 ex
1278 1369 1440 1447 Scythia»

227 1478 324 1539 refert
343 1478 399 1555 (l),
422 1475 663 1556 scythicamque
687 1477 843 1554 linguam,
875 1475 1057 1536 Boxhornio
1089 1476 1308 1553 Morholioque
1336 1475 1442 1536 denuo

228 1603 387 1657 assensus,
405 1584 438 1642 in
455 1587 518 1643 tres
533 1584 722 1660 praecipuas
738 1583 892 1644 dialectos
906 1583 1044 1660 partitur
1061 1601 1067 1642 :
1085 1584 1316 1662 germanicam,
1347 1585 1437 1644 celti-

227 1709 309 1763 cam,
331 1691 596 1769 graeco-latinam
617 1692 686 1764 (aut
712 1691 819 1768 potius
842 1707 1008 1768 graecam;
1035 1691 1169 1750 latinam
1185 1691 1283 1763 enim,
1311 1696 1348 1751 ut
1366 1709 1443 1752 mox

228 1799 421 1869 videbimus
448 1799 567 1874 partim
600 1815 616 1856 e
646 1797 759 1857 celtica
786 1802 817 1856 et
843 1814 967 1875 graeca,
993 1814 1142 1876 graecam
1171 1803 1278 1858 autem
1306 1816 1344 1859 ex
1372 1799 1441 1878 ipso

229 1907 471 1984 septentrionali
486 1906 573 1966 sonte
590 1904 760 1965 oriundam
775 1908 895 1981 censet)
910 1904 963 1984 (2).

269 2014 312 2074 De
330 2013 453 2085 celtica,
470 2029 568 2090 quam
591 2011 722 2089 quidem
737 2012 805 2089 jam
832 2030 849 2071 a
873 2012 1055 2073 Boxhornio
1093 2017 1123 2074 et
1150 2014 1304 2074 Morhollo
1335 2017 1443 2077 minus

230 2123 377 2178 accurate
394 2118 606 2178 definitamet
634 2116 826 2195 descriptam
854 2117 1005 2194 vidimus,
1023 2120 1155 2182 omnino
1186 2120 1319 2181 confuse
1346 2123 1443 2182 etiam

229 2226 358 2287 disserit
372 2225 563 2296 Leihnilius;
581 2241 669 2284 nunc
683 2225 770 2284 enim
781 2225 808 2285 ei
827 2225 1004 2285 «celticum
1020 2230 1066 2284 est
1082 2225 1169 2303 quod
1185 2245 1359 2289 commune
1375 2248 1445 2307 ger-

230 2327 370 2405 manico,
387 2331 487 2391 latino
507 2331 557 2390 vel
573 2331 733 2391 cambrioo
749 2354 763 2385 »
786 2332 842 2406 (3),
858 2349 897 2390 ex
925 2349 989 2408 quo
1019 2333 1198 2404 conficitur,
1230 2338 1266 2394 ut
1298 2328 1445 2397 celticam

230 2441 295 2500 lere
306 2457 363 2516 pro
379 2437 545 2498 communi
560 2442 737 2496 ceterarum
753 2437 840 2497 fonte
856 2441 886 2496 et
901 2438 992 2514 quasi
1007 2439 1077 2516 ipsa
1089 2441 1274 2516 germanica
1287 2443 1446 2519 antiquio-

229 2565 299 2607 rem
313 2550 459 2623 reputare
474 2544 628 2616 videatur;
648 2561 729 2620 quae
743 2543 852 2621 opinio
869 2544 898 2603 ei
913 2549 983 2603 tum
998 2545 1043 2604 ita
1055 2546 1171 2623 placet,
1183 2552 1220 2607 ut
1236 2571 1251 2602 «
1268 2549 1326 2608 suh
1343 2549 1445 2609 Celta-

231 2670 306 2712 rum
317 2651 449 2712 nomine
465 2649 716 2728 comprehendat
730 2650 905 2710 Germanos
920 2650 1092 2728 Gallosque
1106 2657 1253 2713 veteres»
1270 2656 1314 2730 (ll)
1332 2674 1338 2729 3
1357 2674 1446 2717 nunc

231 2759 364 2818 omnino
392 2756 589 2816 contrarium
611 2755 778 2816 constituit
800 2773 1034 2832 europaeorum
1064 2758 1263 2835 populorum
1292 2766 1443 2833 stemma,

231 2865 350 2942 quippe
366 2863 420 2941 qui
436 2863 469 2922 in
485 2861 576 2920 Brevi
601 2859 818 2940 Designationn
843 2861 947 2921 dicat:
967 2887 981 2916 α
999 2863 1106 2923 Gallos
1122 2882 1140 2922 a
1161 2865 1339 2938 Germanis,
1371 2870 1446 2928 Ger-

231 2988 344 3030 manos
358 2989 375 3029 a
389 2969 515 3046 Scythis
531 2972 617 3027 ortos
633 2967 784 3027 credibile
810 2972 854 3025 est
872 2991 886 3020 o
906 2967 957 3044 (5).
975 2971 1035 3028 llas
1062 2974 1170 3030 tamen
1184 2974 1384 3050 cognationis
1401 2993 1447 3034 ra-

230 3077 345 3147 tiones,
363 3076 415 3134 vix
436 3076 474 3134 ab
496 3075 564 3151 ipso
580 3073 770 3150 propositas,
788 3073 851 3132 alio
872 3075 980 3132 statim
996 3076 1067 3134 loco
1085 3078 1178 3136 aliter
1199 3097 1309 3138 rursus
1333 3083 1447 3159 imagi-

230 3190 326 3245 natur
349 3184 548 3258 affirmatque
571 3181 674 3240 Celtas
695 3204 709 3234 «
731 3181 828 3239 luisse
856 3182 1065 3241 consobrinos
1084 3184 1327 3252 Germanorum,
1351 3192 1446 3264 atque

232 3295 367 3352 Graecos
390 3289 661 3350 subconsobrlnos
679 3309 692 3340 o
709 3288 766 3361 (6).
791 3288 898 3363 htqui,
925 3305 1015 3346 versa
1036 3288 1142 3349 denuo
1165 3292 1293 3368 pagina,
1315 3295 1448 3353 vertitur

234 3406 264 3460 et
278 3401 348 3478 ipsa
362 3397 472 3476 opinio
488 3401 519 3456 et
536 3395 666 3456 celticae
683 3394 812 3470 linguae
831 3392 975 3452 medium
991 3394 1131 3472 assignat
1146 3397 1322 3457 Leihnitius
1333 3385 1446 3460 locum

235 3507 316 3566 inter
335 3504 553 3583 germanicam
576 3506 607 3560 et
627 3501 772 3570 latinam,
790 3500 1288 3578 eamque«semi-ger1nanicam
1309 3528 1322 3557 »
1349 3505 1446 3566 luisse

239 3613 389 3686 declarat,
409 3634 422 3666 «
439 3610 522 3669 sicut
542 3608 676 3667 latinam
692 3607 931 3684 serni-graecam
950 3629 963 3658 υ
981 3604 1036 3684 (7),
1056 3631 1069 3662 «
1084 3609 1213 3668 Latinos
1228 3627 1266 3670 ex
1286 3613 1447 3673 connuhio

238 3806 1442 3821 ——ffl———u--m

268 3936 302 4001 (l)
324 3938 395 3997 non,
411 3939 453 3998 Vl,
467 3951 529 4002 pars
545 3941 568 3998 2,
583 3953 610 4003 ρ,
624 3941 653 3988 87
668 3955 674 3999 ;
689 3935 832 3990 Noueenatr
845 3937 942 3992 Esscz's,
958 3934 1000 3987 ed.
1014 3939 1100 3998 lauet,
1116 3940 1136 3998 l,
1151 3941 1209 3988 268.

269 4031 307 4097 (2)
327 4033 402 4094 loia,
419 4035 461 4092 Vl,
477 4047 548 4098 pars.
565 4037 590 4094 2,
604 4048 630 4099 p.
647 4037 711 4095 l5l3
726 4034 758 4084 cl.
776 4036 805 4083 87
818 4037 844 4090 et
858 4035 915 4082 195.

271 4131 306 4196 (3)
326 4128 402 4206 (Μή.)
418 4130 460 4188 Vl,
476 4143 539 4193 pars
553 4132 578 4190 2,
592 4143 619 4193 p.
636 4132 693 4178 ltl.

269 4225 305 4286 (l)
327 4223 402 4283 loia,
418 4226 461 4284 vl,
477 4238 540 4289 pars
555 4227 580 4285 2,
594 4239 621 4289 p.
639 4228 685 4274 llll
703 4240 711 4287 3
736 4225 771 4275 cl.
785 4226 826 4282 Vl,
843 4239 903 4290 pars
919 4228 943 4284 2,
963 4239 990 4289 p.
1005 4227 1083 4275 tio-87
1099 4228 1124 4274 et
1138 4225 1278 4273 Nonnenua
1293 4226 1390 4281 Essais,
1406 4223 1447 4274 dd.

238 4320 325 4376 tonet,
340 4321 359 4377 l,
376 4321 435 4368 268.

270 4411 306 4479 (5)
324 4411 400 4474 llic,
415 4414 456 4470 lV,
469 4425 531 4477 pars
545 4416 569 4472 2,
583 4427 610 4477 p.
627 4416 683 4464 193.

272 4505 305 4569 (e)
324 4507 400 4566 retu„
417 4508 458 4566 vr,
479 4489 536 4557 its.

270 4601 305 4668 tl)
326 4601 401 4662 ibid..
421 4603 451 4662 V,
470 4605 602 4665 soa-nom
626 4602 659 4654 ci.
676 4606 723 4656 lle
739 4608 764 4655 et
780 4605 821 4664 Vl,
839 4617 898 4674 pars
914 4607 938 4665 2,
956 4619 979 4674 p.
998 4607 1037 4667 87,
1053 4607 1084 4654 96
1100 4618 1170 4675 sqq..
1190 4606 1246 4665 126,
1263 4607 1318 4656 195.
