3446 5452
845 631 1062 737 ..133-

389 782 561 849 Morhotius
579 803 707 869 quoque
726 791 810 852 recta
833 787 994 870 intelligit,
1012 791 1163 870 quantam
1182 789 1353 854 utilitatem
1370 791 1551 871 perceptura

349 900 432 958 esset
451 898 561 976 lingua
574 898 756 977 germanica
770 914 809 960 ex
824 897 917 959 docto
940 903 970 960 et
992 897 1032 960 ad
1044 900 1167 979 J'ustam
1194 899 1380 961 recentioris
1398 899 1553 961 doctrinae

347 1021 492 1065 normam
504 1005 703 1067 conformato
716 1007 941 1084 grammaticae
953 1005 1154 1084 corupendio‚
1166 1007 1422 1086 sententiamque
1436 1005 1552 1068 abunde

349 1112 546 1191 comprobat,
563 1111 691 1172 ordiens
714 1117 821 1192 atque,
847 1116 882 1173 ut
908 1130 1030 1186 severo,
1047 1112 1091 1174 ita
1107 1131 1209 1192 aequo
1235 1113 1365 1175 arbitrio
1382 1112 1554 1194 dijudicans

349 1220 505 1299 quidquid
530 1220 568 1280 de
590 1238 627 1279 ea
648 1237 682 1281 re
704 1219 778 1280 inde
795 1222 833 1280 ab
856 1217 1090 1299 antiquissimis
1116 1221 1314 1300 temporibus
1339 1222 1372 1281 in
1396 1221 1558 1282 Germania

349 1327 389 1386 sit
403 1331 561 1387 tentatum
575 1325 632 1403 (l);
658 1345 744 1398 narn,
762 1328 844 1387 siout
867 1327 1053 1399 Leihnitius
1071 1345 1089 1386 a
1107 1328 1225 1388 Carula
1241 1329 1353 1407 Magno
1369 1329 1557 1407 principium

348 1433 462 1509 repetit
475 1435 529 1509 (2).
554 1433 635 1494 Setis
659 1437 765 1493 autem
790 1451 855 1493 non
885 1433 992 1506 habet,
1018 1433 1159 1511 generali
1187 1437 1310 1493 tantum
1333 1435 1507 1494 assertione
1532 1438 1562 1494 et

348 1538 521 1600 luculentis
534 1538 723 1617 eximiisque
745 1539 849 1599 verbis
864 1543 938 1598 vola
956 1538 1086 1612 secisse3
1113 1557 1178 1600 rem
1195 1540 1302 1600 statim
1321 1541 1514 1619 aggreditur,
1530 1541 1561 1601 in

348 1647 518 1706 verborum
538 1646 724 1706 tenuitatem
749 1644 955 1716 descendens,
981 1663 1063 1722 quae
1086 1645 1120 1705 in
1143 1647 1280 1724 singulis
1301 1647 1416 1725 corrigi
1440 1648 1562 1724 possint

348 1753 530 1825 ostendens,
556 1771 638 1830 quae
663 1753 780 1813 omissa
803 1753 866 1813 sint
890 1750 1046 1824 indicans,
1075 1769 1159 1812 nova
1187 1758 1217 1812 et
1249 1753 1379 1831 puriora
1409 1755 1560 1833 irrogans,

348 1863 451 1922 multa
464 1860 601 1938 denique
617 1861 783 1920 inveniens
798 1860 932 1938 posteris
948 1877 1020 1919 mox
1034 1845 1209 1936 probanda.

389 1969 431 2028 Eo
448 1967 622 2027 instructus
638 1967 744 2026 animo
760 1967 993 2027 controversias
1015 1967 1156 2044 primum
1182 1966 1221 2027 de
1245 1968 1474 2046 orthographia
1489 1969 1562 2029 ado-

353 2075 444 2135 ritur.
467 2074 617 2153 Aprimis
631 2079 737 2133 tamen
753 2072 910 2150 usquead
928 2073 1057 2132 ultimas
1078 2073 1199 2133 litteras
1223 2076 1418 2152 opusculum
1444 2073 1561 2136 Uacer-

350 2179 506 2262 qrelslicbe
523 2178 686 2241 Gedaalrcn
701 2180 847 2240 evolvere
862 2180 976 2256 possis,
992 2197 1052 2240 nec
1067 2178 1138 2239 ideo
1156 2181 1393 2241 animadvertas
1411 2201 1449 2241 ea
1464 2188 1561 2243 aetate

350 2293 386 2349 ut
401 2288 496 2349 hodie
517 2287 555 2348 de
579 2287 853 2347 illavehemenler
874 2304 941 2346 esse
965 2284 1175 2363 disputatum,
1199 2291 1295 2365 atqua
1325 2288 1357 2348 in
1382 2291 1476 2350 xvir
1499 2308 1562 2350 sea-

353 2396 426 2457 culo
441 2394 528 2456 haud
544 2395 635 2455 aliter
654 2411 690 2454 ac
712 2394 745 2452 in
768 2397 877 2453 nostro
895 2393 935 2469 (3)
955 2392 1125 2452 acerrimas
1151 2393 1223 2453 inde
1251 2399 1336 2454 ortas
1353 2412 1421 2455 esse
1437 2400 1563 2456 conten-

354 2503 469 2575 tiones,
486 2502 654 2578 variasque
668 2500 855 2578 disciplinae
871 2499 989 2559 formas
1005 2515 1072 2558 esse
1088 2499 1262 2572 institutas,
1282 2518 1363 2577 quae
1376 2502 1564 2580 plerumque

353 2626 419 2669 non
435 2608 541 2667 minus
555 2625 572 2666 a
585 2611 670 2666 recto
686 2623 794 2665 rerum
811 2622 918 2676 sensu,
936 2622 1032 2682 quam
1058 2623 1075 2664 a
1096 2605 1314 2666 moderatione
1340 2607 1561 2668 abhorrebant.

388 2717 472 2789 Quas
486 2715 615 2793 quidem
634 2713 852 2774 cavillationes
867 2712 1049 2790 (Griibeley‚
1067 2715 1103 2771 ul
1117 2712 1162 2771 ait
1177 2713 1256 2791 ipse)
1281 2731 1347 2774 non
1368 2715 1447 2775 tanti
1474 2715 1563 2775 aesti-

351 2823 457 2884 mabat
473 2821 657 2892 Morhosrus‚
671 2820 721 2880 vel
738 2836 846 2880 earum
861 2818 1014 2878 studiosis
1030 2835 1066 2878 ac
1081 2818 1257 2879 solidorum
1277 2821 1479 2881 voluminum
1497 2840 1565 2881 auc·

350 2930 473 2990 toribus
498 2928 606 3004 aliquo
632 2925 726 2986 modo
747 2925 918 3004 indulgens
936 2927 995 3001 (l);
1023 2929 1055 2984 at
1077 2925 1156 2984 alios
1181 2932 1338 2987 monstrat
1363 2945 1431 2989 esse
1454 2929 1563 3002 sontes,

351 3034 436 3094 unde
453 3037 625 3094 renovetur
640 3031 761 3109 lingua,
779 3035 809 3091 et
825 3030 988 3091 uberiores
1003 3036 1034 3090 et
1052 3031 1208 3091 utiliores.
1228 3033 1441 3110 Pugnandum
1462 3040 1566 3094 temen

353 3157 425 3201 cum
453 3155 610 3198 novarum
636 3154 743 3196 rerum
773 3136 963 3206 fautoribus
991 3141 1027 3196 ut
1053 3137 1169 3196 stultae
1210 3137 1362 3198 audaciae
1391 3141 1564 3216 periculum

350 3247 544 3307 detrectetur
559 3242 611 3322 (dl.
641 3244 785 3321 Namque
808 3245 910 3319 putat,
941 3246 977 3301 ut
998 3242 1053 3302 alii
1081 3242 1156 3302 boni
1179 3243 1248 3315 viri,
1274 3244 1486 3321 scriptoribus
1508 3247 1566 3306 hoc

349 3352 536 3430 praesertim
554 3350 697 3410 solemne
715 3365 784 3408 esse
800 3347 926 3418 debere,
950 3352 986 3406 ut
1012 3349 1140 3426 linguae
1165 3349 1372 3408 reverentiam
1393 3357 1563 3426 praestent,

351 3464 382 3521 el
394 3476 464 3520 eam
480 3458 513 3517 in
528 3456 638 3535 primis
654 3474 672 3515 a
688 3454 826 3533 quadam
847 3454 1095 3532 orthographiae
1118 3455 1393 3532 obtemperatione
1413 3457 1562 3536 incipere,

352 3569 543 3646 quanagata
566 3563 662 3623 verba
683 3565 808 3621 tantum
832 3561 865 3620 in
896 3559 1073 3621 deformem
1098 3559 1284 3638 adspectum
1308 3569 1562 3641 corrumpantur,

386 3879 423 3949 (l)
445 3884 514 3946 Uul..
531 3889 656 3938 ata-raa.

385 3980 424 4044 (2)
442 3978 479 4029 Cl.
498 3981 567 4042 θη),
583 3984 629 4032 lbi
646 3984 672 4033 ei
688 3983 749 4032 Uar.
765 3981 839 4043 Geel,
856 3983 871 4045 ξ
892 3984 949 4032 103.

388 4072 424 4138 (3)
444 4077 597 4136 Quindecim
625 4080 649 4128 in
672 4079 866 4130 controversias
889 4077 992 4129 collatis
1017 4079 1104 4137 annis,
1133 4077 1301 4128 berolinense
1325 4077 1464 4130 consilium
1489 4090 1568 4142 nuper

355 4166 427 4218 litem
444 4171 554 4220 eatenus
566 4171 687 4222 dirimere
709 4173 805 4237 potuit,
817 4175 846 4223 ut
861 4171 892 4223 de
909 4169 1099 4238 orthographia
1120 4173 1262 4223 tractatum
1276 4171 1308 4223 ad
1331 4171 1482 4224 scholarum
1497 4171 1566 4237 regni

356 4262 485 4314 Borusslci
502 4277 578 4314 usum
595 4266 793 4332 promulgarem
817 4270 844 4316 at
863 4280 954 4317 revera
973 4265 1070 4317 nodum
1086 4265 1157 4317 nullo
1174 4266 1251 4318 modo
1263 4267 1404 4332 expedivit.
1421 4281 1470 4319 nac
1486 4267 1565 4318 ullum

305 4353 307 4358 '
355 4335 475 4408 iuvenies
502 4361 569 4410 inter
590 4363 658 4412 viros
682 4362 783 4422 ductos,
799 4363 854 4428 qui.
872 4361 910 4412 vel
933 4361 965 4412 ad
982 4374 1123 4420 summam,
1142 4361 1180 4412 vel
1209 4362 1234 4412 iu
1252 4363 1374 4427 singulis,
1390 4361 1448 4427 ejus
1463 4361 1565 4414 decreta

358 4453 480 4517 accipiat.

389 4547 426 4613 lt)
447 4549 518 4610 Uul„
534 4551 654 4600 tlt-lli.

390 4643 426 4712 (5)
443 4641 519 4707 idid,
541 4645 600 4698 lbl.
