3462 5452
662 647 854 723 -33-

142 795 320 863 cismornm
335 811 449 880 genere
465 805 639 861 scatentem
657 802 802 879 singulae
818 801 1014 862 diversarum
1028 799 1171 881 gentium
1188 799 1301 882 stirpes
1320 798 1359 864 ad

144 927 237 969 suam
249 908 480 986 pronuntiandi
496 908 761 968 consuetudinem
782 908 1119 970 accommodaverunt.

186 1017 240 1078 Sic
256 1016 396 1088 demum,
413 1017 620 1075 barbarorum
638 1016 877 1075 incursionibus
896 1017 996 1075 multa
1018 1035 1091 1076 mox
1111 1018 1226 1077 iterum
1243 1017 1361 1076 immu-

145 1122 303 1194 tantibus
329 1139 413 1180 nova
437 1138 565 1198 quoque
588 1122 688 1180 multa
710 1121 926 1194 afferentibus,
954 1119 1063 1202 linquo
1089 1141 1217 1182 romana
1244 1121 1361 1182 rustico

146 1229 281 1301 exstitit,
298 1245 392 1305 quae,
409 1227 554 1305 quamvis
570 1245 587 1286 a
602 1227 700 1286 veteri
717 1245 866 1288 romanae
884 1228 987 1305 plebis
1010 1246 1156 1288 sermone
1169 1228 1360 1306 jamdudum

147 1339 244 1415 longe
260 1336 376 1409 aliena,
389 1339 551 1411 tamquam
563 1333 743 1393 communis
758 1337 945 1394 cunctarum
961 1335 1086 1412 imperii
1102 1335 1240 1411 partium
1251 1335 1363 1412 lingua

148 1443 288 1515 duravit,
305 1440 417 1512 donec,
430 1441 598 1518 interjecto
611 1457 708 1517 parvo
723 1441 876 1517 temporis
888 1441 1057 1500 intervallo
1072 1445 1102 1500 et
1117 1440 1270 1518 gliscente
1284 1457 1364 1499 sem-

146 1567 205 1627 per
220 1553 377 1624 auctaqne
393 1547 426 1605 in
439 1546 506 1606 dies
521 1545 793 1618 dissimilitudine,
810 1547 969 1606 recentior
982 1565 1128 1624 quaeque
1140 1548 1250 1625 lingua
1263 1564 1363 1606 emer-

147 1657 201 1728 sit,
218 1673 255 1715 ac
266 1654 383 1714 dehinc
397 1671 454 1731 pro
469 1658 627 1730 partesue
641 1652 849 1730 grandescere
862 1658 893 1712 et
909 1640 1078 1730 separatim
1090 1654 1196 1713 vivere
1210 1654 1360 1730 perrexit.

189 1762 295 1821 Prima
303 1759 445 1837 proiecto
458 1759 562 1818 omnis
572 1776 674 1818 novae
686 1760 815 1836 linguae
828 1758 1039 1819 fundamenta
1058 1760 1193 1837 pristino
1204 1761 1362 1838 cujusque

149 1869 255 1946 gentis
272 1883 417 1926 sermone
438 1865 640 1942 potissimum
661 1865 719 1924 niti
740 1866 809 1942 ipsa
828 1882 933 1925 rerum
953 1867 1035 1926 ratio
1058 1867 1167 1940 docet;
1191 1868 1362 1927 verborum

150 1975 281 2053 quidem
296 1973 527 2050 supellectilem
551 1989 609 2049 pro
629 1976 718 2049 parte
741 1976 835 2048 atque
859 1972 943 2031 intra
962 1977 1065 2032 certos
1090 1973 1180 2044 lines,
1204 1974 1363 2033 nonnulla

150 2083 247 2142 etiam
261 2079 300 2140 ad
314 2079 472 2158 syntaxim
485 2079 678 2155 pertinentia
700 2076 903 2154 suppeditare
923 2082 979 2137 aut
999 2078 1106 2155 potius
1131 2095 1255 2138 servare
1274 2084 1304 2138 at
1329 2079 1363 2137 in

151 2206 269 2250 novam
284 2187 439 2248 sermonis
455 2186 588 2245 sormam
605 2185 775 2244 transferre
792 2185 899 2262 potuit
921 2202 1115 2262 unaquaque
1131 2184 1285 2244 dialectos
1302 2187 1360 2263 (,1);

150 2313 267 2356 noram
292 2310 420 2371 quoque
441 2296 627 2369 potuerunt,
644 2296 824 2368 temporum
847 2297 1008 2364 successu,
1026 2293 1171 2369 singulae
1193 2291 1305 2352 taciem
1333 2297 1364 2352 et

157 2403 249 2481 quasi
269 2400 408 2461 indolem
423 2399 575 2471 induere;
597 2398 754 2458 universis
772 2402 879 2457 tamen
893 2398 1031 2475 perstitit
1046 2397 1229 2458 indelebilis
1244 2399 1362 2459 latinae

153 2509 287 2587 originis
297 2511 386 2579 nota,
401 2511 441 2579 et,
457 2523 529 2565 curn
544 2506 626 2565 nnlli
642 2522 749 2564 earum
761 2505 820 2564 sihi
830 2505 1069 2577 sumereliceat,
1084 2510 1119 2565 ut
1130 2506 1250 2578 artiori,
1266 2524 1364 2583 quarn

154 2619 289 2687 ceterae,
314 2613 442 2672 vinculo
472 2630 544 2672 curn
565 2627 698 2671 romana
713 2611 823 2688 lingua
846 2611 886 2670 sit
901 2611 1084 2690 conjuncta,
1113 2618 1247 2674 cunctae
1263 2630 1364 2690 aeque

155 2727 288 2783 matrem
305 2721 436 2780 latinam
453 2735 624 2798 agnoscere
640 2717 756 2780 debent
772 2720 823 2796 tt).

194 2831 265 2889 Non
280 2825 461 2906 negandum
476 2844 562 2899 sane,
583 2826 719 2885 multum
734 2826 843 2885 abesse
859 2829 895 2886 ut
910 2827 1093 2900 MorhotiuS,
1115 2827 1152 2887 de
1178 2826 1296 2906 linguis
1314 2843 1365 2889 ro·

155 2935 290 2997 manicis
307 2933 484 3012 disputans,
503 2933 584 2993 nihil
601 2932 736 2993 inlitam
752 2933 867 2992 nisiex
884 2934 1013 3011 proprio
1030 2935 1210 2996 studiorum
1233 2950 1365 2999 suorum

154 3046 241 3106 fonte
258 3046 290 3102 et
303 3042 429 3119 privato
452 3039 784 3118 sensu-depromptum
797 3041 917 3101 alterat.
935 3041 1125 3120 Plerumque
1141 3046 1252 3103 contra
1275 3045 1367 3105 nulla

155 3152 182 3211 ei
200 3149 334 3210 dataest
348 3148 440 3226 copia
456 3147 646 3224 inspiciendi
664 3146 856 3207 documenta
869 3152 924 3208 aut
947 3150 1150 3224 quaestiones
1166 3151 1288 3228 abipsa
1304 3153 1367 3212 ori-

133 3276 135 3282 *
154 3258 226 3336 gine
246 3253 428 3333 repetendi3
457 3252 573 3312 tradita
588 3253 686 3331 igitur
713 3257 835 3312 tantum
850 3255 1014 3314 elaborare
1031 3256 1059 3314 ei
1075 3256 1177 3330 licuit,
1199 3257 1366 3317 recensitis

154 3362 395 3443 perpensisque,
421 3363 462 3432 et,
479 3363 516 3419 ut
530 3360 655 3419 occasio
671 3360 806 3432 ferebat,
824 3365 891 3419 tum
907 3361 1066 3436 admissis,
1080 3367 1147 3423 tum
1170 3363 1296 3442 reJ'ectis
1312 3381 1366 3424 su·

154 3470 316 3549 pariorum
337 3467 555 3545 opinionibus.
570 3466 661 3538 Quod
676 3467 805 3544 quidem
822 3468 889 3547 ipse
918 3467 1073 3530 candidus
1088 3469 1215 3545 latetur,
1233 3476 1275 3545 et,
1292 3490 1367 3534 cum

155 3575 298 3638 omnium
316 3574 449 3633 nomina
461 3574 581 3650 ubique
600 3591 724 3633 summa
737 3591 809 3635 cum
828 3573 889 3634 ilde
906 3579 1071 3650 memoret,
1089 3576 1126 3636 de
1141 3595 1278 3654 quorum
1296 3596 1366 3639 sen·

154 3683 262 3744 tentiis
275 3681 539 3759 disceptationem
550 3679 738 3759 ingreditur,
753 3698 793 3740 ex
809 3681 911 3758 ipsius
925 3683 1117 3744 testirrroniis
1131 3690 1257 3745 constat
1270 3687 1309 3746 ab
1326 3703 1363 3748 eo

1222 3875 1368 3892 Q

187 3976 223 4046 (1)
242 3980 469 4048 francogallioam
490 3979 620 4047 linguam,
634 3981 747 4049 exempli
763 3983 858 4049 gratie,
870 3983 941 4050 qnod
956 3984 990 4037 ad
1010 3998 1055 4037 eas
1078 3998 1154 4038 rocas
1178 3985 1281 4045 attinet,
1298 3991 1367 4048 quae

153 4069 208 4138 jam
222 4077 284 4127 ante
298 4076 461 4129 incursiones
475 4077 664 4129 Germanorum
686 4078 711 4129 tn
729 4091 780 4130 usn
798 4081 883 4142 erant,
900 4078 1044 4150 Morlroitus
1063 4077 1226 4132 eiatea'miscli
1249 4075 1367 4144 appellat

156 4169 235 4236 (tina,
254 4175 321 4240 tor).

188 4267 222 4334 (a)
245 4264 314 4330 tlnt,
330 4266 387 4330 tte,
404 4263 462 4332 itti,
479 4267 545 4335 otta
561 4263 596 4321 lte
609 4265 667 4321 Pet.
683 4263 751 4333 tia,
766 4267 826 4322 ete.
850 4290 879 4309 a·
908 4265 975 4324 ilaec
988 4267 1082 4324 ultima
1100 4269 1243 4324 Mortaline
1257 4269 1366 4338 potissi*

156 4368 213 4413 tum
226 4364 320 4414 contre
332 4361 456 4429 aequales
466 4375 531 4430 suos¹
543 4366 622 4418 italos
635 4365 818 4432 Hispanosque
832 4367 1027 4430 animadvertit,
1042 4370 1098 4435 qui,
1111 4373 1140 4419 ut
1161 4368 1229 4419 intra
1244 4368 1368 4434 pluribus

156 4457 241 4510 verbis
252 4458 413 4520 ostendetur,
426 4459 596 4528 suislingnis,
607 4474 670 4528 prae
682 4463 776 4513 ceteris
789 4475 803 4512 e
818 4465 950 4514 communi
965 4463 1046 4515 latino
1057 4463 1129 4516 tonte
1142 4465 1207 4515 ortis
1223 4466 1365 4515 romanicis

156 4553 329 4618 sermonibus,
348 4557 498 4623 propiorem
515 4556 658 4625 quamdam
673 4569 734 4610 oum
755 4557 838 4610 latina
855 4557 948 4626 lingua
959 4562 1148 4628 cognationem
1164 4560 1297 4612 vindicare
1312 4569 1365 4614 ooo

154 4651 311 4706 dubitabant
324 4649 370 4722 (cl.
387 4653 528 4722 praecipue
543 4653 612 4721 Uati,
626 4655 684 4722 tta,
702 4655 821 4725 rte-ret,
838 4654 974 4718 att-atti.

1149 4745 1171 4830 a
