<?xml version="1.0" encoding="UTF-8"?>
<!DOCTYPE html PUBLIC "-//W3C//DTD XHTML 1.0 Transitional//EN"
    "http://www.w3.org/TR/xhtml1/DTD/xhtml1-transitional.dtd">
<html xmlns="http://www.w3.org/1999/xhtml" xml:lang="en" lang="en">
 <head>
  <title>
</title>
<meta http-equiv="Content-Type" content="text/html;charset=utf-8" />
  <meta name='ocr-system' content='tesseract 3.04.00' />
  <meta name='ocr-capabilities' content='ocr_page ocr_carea ocr_par ocr_line ocrx_word'/>
</head>
<body>
  <div class='ocr_page' id='page_1' title='image "./dedgmorhofiolei00fcgoog_0142.png"; bbox 0 0 3446 5452; ppageno 0'>
   <div class='ocr_carea' id='block_1_1' title="bbox 675 649 886 748">
    <p class='ocr_par' dir='ltr' id='par_1_1' title="bbox 675 649 886 748">
     <span class='ocr_line' id='line_1_1' title="bbox 675 649 886 748; baseline 0 -21"><span class='ocrx_word' id='word_1_1' title='bbox 675 685 711 700; x_wconf 87' lang='lat'>-</span> <span class='ocrx_word' id='word_1_2' title='bbox 748 649 816 728; x_wconf 77' lang='lat' dir='ltr'>rea</span> <span class='ocrx_word' id='word_1_3' title='bbox 842 692 886 748; x_wconf 53' lang='lat'>,-</span> 
     </span>
    </p>
   </div>
   <div class='ocr_carea' id='block_1_2' title="bbox 162 797 1469 3892">
    <p class='ocr_par' dir='ltr' id='par_1_2' title="bbox 162 797 1374 995">
     <span class='ocr_line' id='line_1_2' title="bbox 162 797 1374 889; baseline 0.002 -21"><span class='ocrx_word' id='word_1_4' title='bbox 162 799 309 885; x_wconf 89' lang='lat' dir='ltr'>abrupte,</span> <span class='ocrx_word' id='word_1_5' title='bbox 337 797 391 868; x_wconf 88' lang='lat' dir='ltr'>sed</span> <span class='ocrx_word' id='word_1_6' title='bbox 420 807 504 868; x_wconf 89' lang='lat' dir='ltr'>lente</span> <span class='ocrx_word' id='word_1_7' title='bbox 531 811 656 870; x_wconf 90' lang='lat' dir='ltr'>tantum</span> <span class='ocrx_word' id='word_1_8' title='bbox 688 814 718 870; x_wconf 90' lang='lat' dir='ltr'>et</span> <span class='ocrx_word' id='word_1_9' title='bbox 746 807 836 888; x_wconf 81' lang='lat' dir='ltr'>quasi</span> <span class='ocrx_word' id='word_1_10' title='bbox 864 806 1021 889; x_wconf 82' lang='lat' dir='ltr'>gradatim</span> <span class='ocrx_word' id='word_1_11' title='bbox 1047 803 1269 889; x_wconf 77' lang='lat' dir='ltr'>frtusemueirel</span> <span class='ocrx_word' id='word_1_12' title='bbox 1299 824 1374 870; x_wconf 91' lang='lat' dir='ltr'>mu·</span> 
     </span>
     <span class='ocr_line' id='line_1_3' title="bbox 163 917 301 995; baseline -0.007 -21"><span class='ocrx_word' id='word_1_13' title='bbox 163 917 223 977; x_wconf 94' lang='lat' dir='ltr'>tari</span> <span class='ocrx_word' id='word_1_14' title='bbox 248 917 301 995; x_wconf 80' lang='lat' dir='ltr'>(l).</span> 
     </span>
    </p>

    <p class='ocr_par' dir='ltr' id='par_1_3' title="bbox 164 1022 1378 1626">
     <span class='ocr_line' id='line_1_4' title="bbox 203 1022 1374 1102; baseline -0.001 -18"><span class='ocrx_word' id='word_1_15' title='bbox 203 1025 291 1096; x_wconf 85' lang='lat' dir='ltr'>Quae</span> <span class='ocrx_word' id='word_1_16' title='bbox 307 1027 414 1084; x_wconf 91' lang='lat' dir='ltr'>autem</span> <span class='ocrx_word' id='word_1_17' title='bbox 436 1041 510 1082; x_wconf 92' lang='lat' dir='ltr'>vera</span> <span class='ocrx_word' id='word_1_18' title='bbox 528 1022 560 1082; x_wconf 92' lang='lat' dir='ltr'>in</span> <span class='ocrx_word' id='word_1_19' title='bbox 582 1023 745 1083; x_wconf 84' lang='lat' dir='ltr'>mutandis</span> <span class='ocrx_word' id='word_1_20' title='bbox 760 1025 926 1085; x_wconf 91' lang='lat' dir='ltr'>vocalibus</span> <span class='ocrx_word' id='word_1_21' title='bbox 942 1025 1022 1085; x_wconf 88' lang='lat' dir='ltr'>ratio</span> <span class='ocrx_word' id='word_1_22' title='bbox 1049 1022 1246 1085; x_wconf 69' lang='lat' dir='ltr'>intercedere</span> <span class='ocrx_word' id='word_1_23' title='bbox 1267 1027 1374 1102; x_wconf 85' lang='lat' dir='ltr'>queat,</span> 
     </span>
     <span class='ocr_line' id='line_1_5' title="bbox 165 1131 1375 1210; baseline 0.002 -20"><span class='ocrx_word' id='word_1_24' title='bbox 165 1131 338 1191; x_wconf 87' lang='lat' dir='ltr'>Morhotius</span> <span class='ocrx_word' id='word_1_25' title='bbox 353 1148 394 1191; x_wconf 93' lang='lat' dir='ltr'>ne</span> <span class='ocrx_word' id='word_1_26' title='bbox 411 1131 566 1208; x_wconf 88' lang='lat' dir='ltr'>suspicari</span> <span class='ocrx_word' id='word_1_27' title='bbox 582 1131 710 1208; x_wconf 92' lang='lat' dir='ltr'>quidem</span> <span class='ocrx_word' id='word_1_28' title='bbox 727 1131 853 1193; x_wconf 86' lang='lat' dir='ltr'>videtur</span> <span class='ocrx_word' id='word_1_29' title='bbox 867 1150 873 1202; x_wconf 93' lang='lat'>;</span> <span class='ocrx_word' id='word_1_30' title='bbox 891 1133 945 1191; x_wconf 92' lang='lat' dir='ltr'>vix</span> <span class='ocrx_word' id='word_1_31' title='bbox 960 1133 1057 1193; x_wconf 90' lang='lat' dir='ltr'>semel</span> <span class='ocrx_word' id='word_1_32' title='bbox 1074 1134 1158 1192; x_wconf 90' lang='lat' dir='ltr'>enim</span> <span class='ocrx_word' id='word_1_33' title='bbox 1174 1150 1244 1192; x_wconf 91' lang='lat' dir='ltr'>eam</span> <span class='ocrx_word' id='word_1_34' title='bbox 1258 1134 1375 1210; x_wconf 90' lang='lat' dir='ltr'>legem,</span> 
     </span>
     <span class='ocr_line' id='line_1_6' title="bbox 165 1235 1377 1318; baseline 0.001 -21"><span class='ocrx_word' id='word_1_35' title='bbox 165 1256 263 1316; x_wconf 90' lang='lat' dir='ltr'>quam</span> <span class='ocrx_word' id='word_1_36' title='bbox 291 1255 378 1297; x_wconf 93' lang='lat' dir='ltr'>nunc</span> <span class='ocrx_word' id='word_1_37' title='bbox 391 1235 517 1297; x_wconf 85' lang='lat' dir='ltr'>&#39;Abluut</span> <span class='ocrx_word' id='word_1_38' title='bbox 541 1243 668 1306; x_wconf 90' lang='lat' dir='ltr'>vocant,</span> <span class='ocrx_word' id='word_1_39' title='bbox 683 1239 816 1298; x_wconf 86' lang='lat' dir='ltr'>contuse</span> <span class='ocrx_word' id='word_1_40' title='bbox 832 1240 964 1299; x_wconf 92' lang='lat' dir='ltr'>omnino</span> <span class='ocrx_word' id='word_1_41' title='bbox 980 1244 1010 1300; x_wconf 85' lang='lat' dir='ltr'>et.</span> <span class='ocrx_word' id='word_1_42' title='bbox 1033 1240 1167 1300; x_wconf 90' lang='lat' dir='ltr'>obscure</span> <span class='ocrx_word' id='word_1_43' title='bbox 1182 1241 1377 1318; x_wconf 81' lang='lat' dir='ltr'>praesentire</span> 
     </span>
     <span class='ocr_line' id='line_1_7' title="bbox 164 1347 1375 1426; baseline -0.001 -18"><span class='ocrx_word' id='word_1_44' title='bbox 164 1349 264 1421; x_wconf 79' lang='lat' dir='ltr'>visne,</span> <span class='ocrx_word' id='word_1_45' title='bbox 282 1353 413 1408; x_wconf 91' lang='lat' dir='ltr'>eatenus</span> <span class='ocrx_word' id='word_1_46' title='bbox 429 1352 553 1408; x_wconf 90' lang='lat' dir='ltr'>tantum</span> <span class='ocrx_word' id='word_1_47' title='bbox 575 1354 694 1409; x_wconf 90' lang='lat' dir='ltr'>rectam</span> <span class='ocrx_word' id='word_1_48' title='bbox 714 1347 752 1407; x_wconf 91' lang='lat' dir='ltr'>de</span> <span class='ocrx_word' id='word_1_49' title='bbox 767 1366 804 1407; x_wconf 89' lang='lat' dir='ltr'>eo</span> <span class='ocrx_word' id='word_1_50' title='bbox 822 1353 1010 1426; x_wconf 83' lang='lat' dir='ltr'>argumento</span> <span class='ocrx_word' id='word_1_51' title='bbox 1033 1348 1221 1424; x_wconf 83' lang='lat' dir='ltr'>opinionem</span> <span class='ocrx_word' id='word_1_52' title='bbox 1243 1348 1375 1426; x_wconf 85' lang='lat' dir='ltr'>profert,</span> 
     </span>
     <span class='ocr_line' id='line_1_8' title="bbox 165 1455 1378 1534; baseline -0.002 -18"><span class='ocrx_word' id='word_1_53' title='bbox 165 1460 200 1516; x_wconf 95' lang='lat' dir='ltr'>ut</span> <span class='ocrx_word' id='word_1_54' title='bbox 223 1456 383 1516; x_wconf 90' lang='lat' dir='ltr'>existimet</span> <span class='ocrx_word' id='word_1_55' title='bbox 405 1455 544 1516; x_wconf 91' lang='lat' dir='ltr'>naturali</span> <span class='ocrx_word' id='word_1_56' title='bbox 566 1455 701 1534; x_wconf 91' lang='lat' dir='ltr'>quadam</span> <span class='ocrx_word' id='word_1_57' title='bbox 727 1456 846 1531; x_wconf 87' lang='lat' dir='ltr'>eloquii</span> <span class='ocrx_word' id='word_1_58' title='bbox 869 1455 1069 1529; x_wconf 70' lang='lat' dir='ltr'>necessitate,</span> <span class='ocrx_word' id='word_1_59' title='bbox 1088 1473 1148 1516; x_wconf 91' lang='lat' dir='ltr'>nec</span> <span class='ocrx_word' id='word_1_60' title='bbox 1171 1455 1305 1516; x_wconf 86' lang='lat' dir='ltr'>libidine</span> <span class='ocrx_word' id='word_1_61' title='bbox 1323 1460 1378 1515; x_wconf 92' lang='lat' dir='ltr'>aut</span> 
     </span>
     <span class='ocr_line' id='line_1_9' title="bbox 168 1563 535 1626; baseline -0.003 -1"><span class='ocrx_word' id='word_1_62' title='bbox 168 1583 244 1626; x_wconf 90' lang='lat' dir='ltr'>casu</span> <span class='ocrx_word' id='word_1_63' title='bbox 260 1565 388 1624; x_wconf 89' lang='lat' dir='ltr'>vocales</span> <span class='ocrx_word' id='word_1_64' title='bbox 403 1563 535 1624; x_wconf 90' lang='lat' dir='ltr'>intlecti.</span> 
     </span>
    </p>

    <p class='ocr_par' dir='ltr' id='par_1_4' title="bbox 168 1669 1382 2288">
     <span class='ocr_line' id='line_1_10' title="bbox 206 1669 1379 1750; baseline -0.001 -18"><span class='ocrx_word' id='word_1_65' title='bbox 206 1673 249 1732; x_wconf 91' lang='lat' dir='ltr'>De</span> <span class='ocrx_word' id='word_1_66' title='bbox 267 1669 534 1730; x_wconf 84' lang='lat' dir='ltr'>transformandis</span> <span class='ocrx_word' id='word_1_67' title='bbox 554 1673 665 1730; x_wconf 90' lang='lat' dir='ltr'>contra</span> <span class='ocrx_word' id='word_1_68' title='bbox 680 1671 932 1731; x_wconf 80' lang='lat' dir='ltr'>consonantibus</span> <span class='ocrx_word' id='word_1_69' title='bbox 946 1673 1041 1750; x_wconf 89' lang='lat' dir='ltr'>longe</span> <span class='ocrx_word' id='word_1_70' title='bbox 1057 1673 1194 1732; x_wconf 85' lang='lat' dir='ltr'>certiora</span> <span class='ocrx_word' id='word_1_71' title='bbox 1210 1674 1278 1749; x_wconf 89' lang='lat' dir='ltr'>jam</span> <span class='ocrx_word' id='word_1_72' title='bbox 1295 1671 1379 1750; x_wconf 92' lang='lat' dir='ltr'>apud</span> 
     </span>
     <span class='ocr_line' id='line_1_11' title="bbox 168 1778 1380 1856; baseline 0 -17"><span class='ocrx_word' id='word_1_73' title='bbox 168 1797 244 1839; x_wconf 90' lang='lat' dir='ltr'>eum</span> <span class='ocrx_word' id='word_1_74' title='bbox 274 1778 424 1856; x_wconf 74' lang='lat' dir='ltr'>reperias</span> <span class='ocrx_word' id='word_1_75' title='bbox 458 1779 552 1838; x_wconf 92' lang='lat' dir='ltr'>Varia</span> <span class='ocrx_word' id='word_1_76' title='bbox 577 1778 709 1856; x_wconf 90' lang='lat' dir='ltr'>quidem</span> <span class='ocrx_word' id='word_1_77' title='bbox 736 1779 801 1838; x_wconf 92' lang='lat' dir='ltr'>huc</span> <span class='ocrx_word' id='word_1_78' title='bbox 827 1779 1004 1856; x_wconf 79' lang='lat' dir='ltr'>spectantia</span> <span class='ocrx_word' id='word_1_79' title='bbox 1027 1780 1177 1841; x_wconf 92' lang='lat' dir='ltr'>nonnulli</span> <span class='ocrx_word' id='word_1_80' title='bbox 1205 1785 1278 1840; x_wconf 84' lang='lat' dir='ltr'>ante</span> <span class='ocrx_word' id='word_1_81' title='bbox 1306 1797 1380 1840; x_wconf 92' lang='lat' dir='ltr'>eum</span> 
     </span>
     <span class='ocr_line' id='line_1_12' title="bbox 168 1886 1381 1966; baseline -0.001 -20"><span class='ocrx_word' id='word_1_82' title='bbox 168 1887 415 1946; x_wconf 84' lang='lat' dir='ltr'>observaverant</span> <span class='ocrx_word' id='word_1_83' title='bbox 430 1890 470 1958; x_wconf 90' lang='lat' dir='ltr'>et,</span> <span class='ocrx_word' id='word_1_84' title='bbox 488 1886 613 1946; x_wconf 88' lang='lat' dir='ltr'>collatis</span> <span class='ocrx_word' id='word_1_85' title='bbox 628 1891 698 1946; x_wconf 93' lang='lat' dir='ltr'>tum</span> <span class='ocrx_word' id='word_1_86' title='bbox 718 1888 839 1964; x_wconf 84' lang='lat' dir='ltr'>graecis</span> <span class='ocrx_word' id='word_1_87' title='bbox 862 1891 893 1946; x_wconf 90' lang='lat' dir='ltr'>et</span> <span class='ocrx_word' id='word_1_88' title='bbox 909 1887 1028 1959; x_wconf 90' lang='lat' dir='ltr'>latinis,</span> <span class='ocrx_word' id='word_1_89' title='bbox 1048 1892 1115 1947; x_wconf 90' lang='lat' dir='ltr'>tum</span> <span class='ocrx_word' id='word_1_90' title='bbox 1132 1888 1258 1966; x_wconf 82' lang='lat' dir='ltr'>geticis,</span> <span class='ocrx_word' id='word_1_91' title='bbox 1275 1891 1381 1947; x_wconf 90' lang='lat' dir='ltr'>teuto-</span> 
     </span>
     <span class='ocr_line' id='line_1_13' title="bbox 168 1995 1380 2074; baseline -0.005 -18"><span class='ocrx_word' id='word_1_92' title='bbox 168 1996 263 2068; x_wconf 76' lang='lat' dir='ltr'>niciS,</span> <span class='ocrx_word' id='word_1_93' title='bbox 289 1995 423 2065; x_wconf 90' lang='lat' dir='ltr'>batavis,</span> <span class='ocrx_word' id='word_1_94' title='bbox 451 1995 709 2074; x_wconf 89' lang='lat' dir='ltr'>anglosaxonicis</span> <span class='ocrx_word' id='word_1_95' title='bbox 737 1995 913 2065; x_wconf 81' lang='lat' dir='ltr'>vocabuliS,</span> <span class='ocrx_word' id='word_1_96' title='bbox 945 1998 1147 2066; x_wconf 82' lang='lat' dir='ltr'>notaverant,</span> <span class='ocrx_word' id='word_1_97' title='bbox 1173 1995 1258 2072; x_wconf 91' lang='lat' dir='ltr'>ipsas</span> <span class='ocrx_word' id='word_1_98' title='bbox 1284 2010 1380 2070; x_wconf 89' lang='lat' dir='ltr'>quam</span> 
     </span>
     <span class='ocr_line' id='line_1_14' title="bbox 169 2100 1382 2181; baseline -0.002 -18"><span class='ocrx_word' id='word_1_99' title='bbox 169 2103 309 2163; x_wconf 92' lang='lat' dir='ltr'>maxime</span> <span class='ocrx_word' id='word_1_100' title='bbox 322 2102 424 2162; x_wconf 85' lang='lat' dir='ltr'>torma</span> <span class='ocrx_word' id='word_1_101' title='bbox 448 2107 479 2162; x_wconf 87' lang='lat' dir='ltr'>et</span> <span class='ocrx_word' id='word_1_102' title='bbox 499 2102 731 2181; x_wconf 75' lang='lat' dir='ltr'>significatione</span> <span class='ocrx_word' id='word_1_103' title='bbox 758 2105 971 2180; x_wconf 83' lang='lat' dir='ltr'>congruentes</span> <span class='ocrx_word' id='word_1_104' title='bbox 993 2119 1087 2162; x_wconf 90' lang='lat' dir='ltr'>voces</span> <span class='ocrx_word' id='word_1_105' title='bbox 1110 2100 1249 2179; x_wconf 91' lang='lat' dir='ltr'>quadam</span> <span class='ocrx_word' id='word_1_106' title='bbox 1273 2105 1382 2160; x_wconf 90' lang='lat' dir='ltr'>tamen</span> 
     </span>
     <span class='ocr_line' id='line_1_15' title="bbox 169 2206 1381 2288; baseline -0.002 -18"><span class='ocrx_word' id='word_1_107' title='bbox 169 2211 419 2270; x_wconf 91' lang='lat' dir='ltr'>consonantium</span> <span class='ocrx_word' id='word_1_108' title='bbox 440 2207 704 2269; x_wconf 89' lang='lat' dir='ltr'>dissimilitudine</span> <span class='ocrx_word' id='word_1_109' title='bbox 719 2213 750 2268; x_wconf 90' lang='lat' dir='ltr'>et</span> <span class='ocrx_word' id='word_1_110' title='bbox 775 2209 926 2268; x_wconf 87' lang='lat' dir='ltr'>varietate</span> <span class='ocrx_word' id='word_1_111' title='bbox 947 2208 1108 2269; x_wconf 89' lang='lat' dir='ltr'>interdum</span> <span class='ocrx_word' id='word_1_112' title='bbox 1125 2208 1305 2286; x_wconf 87' lang='lat' dir='ltr'>discrepare</span> <span class='ocrx_word' id='word_1_113' title='bbox 1327 2206 1381 2288; x_wconf 60' lang='grc' dir='ltr'>(ἓ),</span> 
     </span>
    </p>

    <p class='ocr_par' dir='ltr' id='par_1_5' title="bbox 169 2313 1385 2820">
     <span class='ocr_line' id='line_1_16' title="bbox 208 2313 1380 2393; baseline -0.002 -17"><span class='ocrx_word' id='word_1_114' title='bbox 208 2317 294 2389; x_wconf 86' lang='lat' dir='ltr'>Quin</span> <span class='ocrx_word' id='word_1_115' title='bbox 318 2317 415 2376; x_wconf 91' lang='lat' dir='ltr'>etiam</span> <span class='ocrx_word' id='word_1_116' title='bbox 439 2315 577 2388; x_wconf 90' lang='lat' dir='ltr'>fuerant,</span> <span class='ocrx_word' id='word_1_117' title='bbox 606 2316 672 2393; x_wconf 87' lang='lat' dir='ltr'>qui,</span> <span class='ocrx_word' id='word_1_118' title='bbox 701 2319 738 2375; x_wconf 93' lang='lat' dir='ltr'>ut</span> <span class='ocrx_word' id='word_1_119' title='bbox 763 2313 945 2375; x_wconf 87' lang='lat' dir='ltr'>Goldastius</span> <span class='ocrx_word' id='word_1_120' title='bbox 975 2313 1018 2391; x_wconf 87' lang='lat'>(3)</span> <span class='ocrx_word' id='word_1_121' title='bbox 1047 2320 1078 2374; x_wconf 92' lang='lat' dir='ltr'>et</span> <span class='ocrx_word' id='word_1_122' title='bbox 1107 2315 1295 2374; x_wconf 86' lang='lat' dir='ltr'>Franciscus</span> <span class='ocrx_word' id='word_1_123' title='bbox 1322 2316 1380 2374; x_wconf 85' lang='lat' dir='ltr'>lu-</span> 
     </span>
     <span class='ocr_line' id='line_1_17' title="bbox 169 2420 1384 2499; baseline -0.002 -16"><span class='ocrx_word' id='word_1_124' title='bbox 169 2423 244 2483; x_wconf 90' lang='lat' dir='ltr'>nius</span> <span class='ocrx_word' id='word_1_125' title='bbox 265 2421 318 2498; x_wconf 74' lang='lat' dir='ltr'>(l),</span> <span class='ocrx_word' id='word_1_126' title='bbox 340 2421 467 2499; x_wconf 86' lang='lat' dir='ltr'>singula</span> <span class='ocrx_word' id='word_1_127' title='bbox 488 2422 557 2499; x_wconf 90' lang='lat' dir='ltr'>jam</span> <span class='ocrx_word' id='word_1_128' title='bbox 575 2421 677 2499; x_wconf 89' lang='lat' dir='ltr'>magis</span> <span class='ocrx_word' id='word_1_129' title='bbox 698 2438 764 2481; x_wconf 89' lang='lat' dir='ltr'>uno</span> <span class='ocrx_word' id='word_1_130' title='bbox 790 2425 964 2499; x_wconf 91' lang='lat' dir='ltr'>conspectu</span> <span class='ocrx_word' id='word_1_131' title='bbox 988 2421 1126 2499; x_wconf 85' lang='lat' dir='ltr'>amplexi</span> <span class='ocrx_word' id='word_1_132' title='bbox 1148 2420 1384 2480; x_wconf 91' lang='lat' dir='ltr'>animadverte-</span> 
     </span>
     <span class='ocr_line' id='line_1_18' title="bbox 171 2526 1385 2608; baseline -0.003 -19"><span class='ocrx_word' id='word_1_133' title='bbox 171 2532 254 2601; x_wconf 90' lang='lat' dir='ltr'>rent,</span> <span class='ocrx_word' id='word_1_134' title='bbox 271 2545 358 2589; x_wconf 89' lang='lat' dir='ltr'>nunc</span> <span class='ocrx_word' id='word_1_135' title='bbox 373 2527 497 2587; x_wconf 88' lang='lat' dir='ltr'>litterae</span> <span class='ocrx_word' id='word_1_136' title='bbox 510 2545 641 2606; x_wconf 91' lang='lat' dir='ltr'>graecae</span> <span class='ocrx_word' id='word_1_137' title='bbox 656 2558 676 2590; x_wconf 82' lang='grc' dir='ltr'>π</span> <span class='ocrx_word' id='word_1_138' title='bbox 693 2530 724 2587; x_wconf 93' lang='lat' dir='ltr'>et</span> <span class='ocrx_word' id='word_1_139' title='bbox 738 2527 856 2587; x_wconf 89' lang='lat' dir='ltr'>latinae</span> <span class='ocrx_word' id='word_1_140' title='bbox 870 2546 892 2608; x_wconf 85' lang='lat' dir='ltr'>p</span> <span class='ocrx_word' id='word_1_141' title='bbox 906 2526 1099 2605; x_wconf 88' lang='lat' dir='ltr'>respondere</span> <span class='ocrx_word' id='word_1_142' title='bbox 1115 2527 1242 2604; x_wconf 89' lang='lat' dir='ltr'>saepius</span> <span class='ocrx_word' id='word_1_143' title='bbox 1257 2543 1385 2604; x_wconf 85' lang='lat' dir='ltr'>germa-</span> 
     </span>
     <span class='ocr_line' id='line_1_19' title="bbox 169 2633 1384 2715; baseline -0.004 -18"><span class='ocrx_word' id='word_1_144' title='bbox 169 2637 277 2697; x_wconf 90' lang='lat' dir='ltr'>nicam</span> <span class='ocrx_word' id='word_1_145' title='bbox 293 2635 320 2715; x_wconf 81' lang='lat' dir='ltr'>s,</span> <span class='ocrx_word' id='word_1_146' title='bbox 340 2652 428 2695; x_wconf 92' lang='lat' dir='ltr'>nunc</span> <span class='ocrx_word' id='word_1_147' title='bbox 443 2653 518 2695; x_wconf 92' lang='lat' dir='ltr'>cum</span> <span class='ocrx_word' id='word_1_148' title='bbox 534 2634 632 2693; x_wconf 92' lang='lat' dir='ltr'>latina</span> <span class='ocrx_word' id='word_1_149' title='bbox 655 2652 670 2692; x_wconf 89' lang='lat' dir='ltr'>c</span> <span class='ocrx_word' id='word_1_150' title='bbox 693 2639 723 2693; x_wconf 90' lang='lat' dir='ltr'>et</span> <span class='ocrx_word' id='word_1_151' title='bbox 743 2651 856 2711; x_wconf 86' lang='lat' dir='ltr'>graeca</span> <span class='ocrx_word' id='word_1_152' title='bbox 870 2663 887 2697; x_wconf 81' lang='grc' dir='ltr'>κ</span> <span class='ocrx_word' id='word_1_153' title='bbox 900 2634 1092 2712; x_wconf 87' lang='lat' dir='ltr'>plerumque</span> <span class='ocrx_word' id='word_1_154' title='bbox 1111 2650 1285 2712; x_wconf 88' lang='lat' dir='ltr'>congruere</span> <span class='ocrx_word' id='word_1_155' title='bbox 1302 2633 1384 2712; x_wconf 92' lang='lat' dir='ltr'>goti-</span> 
     </span>
     <span class='ocr_line' id='line_1_20' title="bbox 172 2739 657 2820; baseline -0.01 -16"><span class='ocrx_word' id='word_1_156' title='bbox 172 2761 244 2804; x_wconf 89' lang='lat' dir='ltr'>cam</span> <span class='ocrx_word' id='word_1_157' title='bbox 260 2747 316 2803; x_wconf 90' lang='lat' dir='ltr'>aut</span> <span class='ocrx_word' id='word_1_158' title='bbox 330 2741 613 2820; x_wconf 86' lang='lat' dir='ltr'>anglosaxonicam</span> <span class='ocrx_word' id='word_1_159' title='bbox 628 2739 657 2799; x_wconf 74' lang='lat' dir='ltr'>lt.</span> 
     </span>
    </p>

    <p class='ocr_par' dir='ltr' id='par_1_6' title="bbox 172 2845 1469 3571">
     <span class='ocr_line' id='line_1_21' title="bbox 214 2845 1386 2923; baseline -0.003 -15"><span class='ocrx_word' id='word_1_160' title='bbox 214 2847 276 2908; x_wconf 87' lang='lat' dir='ltr'>Sed</span> <span class='ocrx_word' id='word_1_161' title='bbox 296 2847 458 2918; x_wconf 90' lang='lat' dir='ltr'>omnibus,</span> <span class='ocrx_word' id='word_1_162' title='bbox 475 2846 525 2905; x_wconf 88' lang='lat' dir='ltr'>vel</span> <span class='ocrx_word' id='word_1_163' title='bbox 547 2845 709 2905; x_wconf 91' lang='lat' dir='ltr'>uberrima</span> <span class='ocrx_word' id='word_1_164' title='bbox 724 2846 941 2923; x_wconf 89' lang='lat' dir='ltr'>exemplorum</span> <span class='ocrx_word' id='word_1_165' title='bbox 959 2845 1052 2923; x_wconf 91' lang='lat' dir='ltr'>copia</span> <span class='ocrx_word' id='word_1_166' title='bbox 1074 2863 1110 2905; x_wconf 87' lang='lat' dir='ltr'>ea</span> <span class='ocrx_word' id='word_1_167' title='bbox 1131 2863 1212 2923; x_wconf 88' lang='lat' dir='ltr'>quae</span> <span class='ocrx_word' id='word_1_168' title='bbox 1235 2862 1386 2923; x_wconf 91' lang='lat' dir='ltr'>percepe-</span> 
     </span>
     <span class='ocr_line' id='line_1_22' title="bbox 173 2950 1469 3030; baseline -0.003 -15"><span class='ocrx_word' id='word_1_169' title='bbox 173 2960 247 3015; x_wconf 91' lang='lat' dir='ltr'>rant</span> <span class='ocrx_word' id='word_1_170' title='bbox 261 2953 536 3025; x_wconf 77' lang='lat' dir='ltr'>confirmantibuS,</span> <span class='ocrx_word' id='word_1_171' title='bbox 553 2953 614 3013; x_wconf 86' lang='lat' dir='ltr'>ista</span> <span class='ocrx_word' id='word_1_172' title='bbox 633 2952 882 3012; x_wconf 89' lang='lat' dir='ltr'>consonantium</span> <span class='ocrx_word' id='word_1_173' title='bbox 906 2950 1072 3011; x_wconf 88' lang='lat' dir='ltr'>diversitas</span> <span class='ocrx_word' id='word_1_174' title='bbox 1090 2953 1201 3029; x_wconf 89' lang='lat' dir='ltr'>utique</span> <span class='ocrx_word' id='word_1_175' title='bbox 1228 2969 1286 3030; x_wconf 91' lang='lat' dir='ltr'>pro</span> <span class='ocrx_word' id='word_1_176' title='bbox 1310 2969 1387 3011; x_wconf 91' lang='lat' dir='ltr'>ano·</span> <span class='ocrx_word' id='word_1_177' title='bbox 1467 2974 1469 2980; x_wconf 50' lang='lat'><strong>¹</strong></span> 
     </span>
     <span class='ocr_line' id='line_1_23' title="bbox 172 3058 1383 3136; baseline -0.001 -15"><span class='ocrx_word' id='word_1_178' title='bbox 172 3062 272 3122; x_wconf 84' lang='lat' dir='ltr'>malie</span> <span class='ocrx_word' id='word_1_179' title='bbox 287 3065 342 3121; x_wconf 88' lang='lat' dir='ltr'>aut</span> <span class='ocrx_word' id='word_1_180' title='bbox 357 3060 559 3132; x_wconf 88' lang='lat' dir='ltr'>enormitate,</span> <span class='ocrx_word' id='word_1_181' title='bbox 575 3076 615 3119; x_wconf 91' lang='lat' dir='ltr'>ne</span> <span class='ocrx_word' id='word_1_182' title='bbox 631 3058 736 3119; x_wconf 89' lang='lat' dir='ltr'>dicam</span> <span class='ocrx_word' id='word_1_183' title='bbox 749 3077 808 3135; x_wconf 93' lang='lat' dir='ltr'>pro</span> <span class='ocrx_word' id='word_1_184' title='bbox 822 3059 912 3132; x_wconf 91' lang='lat' dir='ltr'>viti0,</span> <span class='ocrx_word' id='word_1_185' title='bbox 929 3059 1107 3136; x_wconf 90' lang='lat' dir='ltr'>reputanda</span> <span class='ocrx_word' id='word_1_186' title='bbox 1120 3077 1188 3120; x_wconf 89' lang='lat' dir='ltr'>esse</span> <span class='ocrx_word' id='word_1_187' title='bbox 1204 3059 1383 3134; x_wconf 73' lang='lat' dir='ltr'>videbatur,</span> 
     </span>
     <span class='ocr_line' id='line_1_24' title="bbox 173 3166 1461 3247; baseline -0.005 -16"><span class='ocrx_word' id='word_1_188' title='bbox 173 3168 422 3247; x_wconf 85' lang='lat' dir='ltr'>necquidquam</span> <span class='ocrx_word' id='word_1_189' title='bbox 437 3166 600 3227; x_wconf 89' lang='lat' dir='ltr'>aliudsibi</span> <span class='ocrx_word' id='word_1_190' title='bbox 619 3166 727 3226; x_wconf 91' lang='lat' dir='ltr'>cuncti</span> <span class='ocrx_word' id='word_1_191' title='bbox 746 3167 864 3244; x_wconf 86' lang='lat' dir='ltr'>tingere</span> <span class='ocrx_word' id='word_1_192' title='bbox 882 3169 1040 3242; x_wconf 89' lang='lat' dir='ltr'>poterant,</span> <span class='ocrx_word' id='word_1_193' title='bbox 1064 3166 1125 3225; x_wconf 91' lang='lat' dir='ltr'>nisi</span> <span class='ocrx_word' id='word_1_194' title='bbox 1151 3170 1206 3226; x_wconf 91' lang='lat' dir='ltr'>aut</span> <span class='ocrx_word' id='word_1_195' title='bbox 1222 3166 1385 3236; x_wconf 90' lang='lat' dir='ltr'>classicos,</span> <span class='ocrx_word' id='word_1_196' title='bbox 1460 3205 1461 3210; x_wconf 20' lang='grc' dir='ltr'><strong>κ</strong></span> 
     </span>
     <span class='ocr_line' id='line_1_25' title="bbox 175 3270 1388 3356; baseline -0.006 -19"><span class='ocrx_word' id='word_1_197' title='bbox 175 3280 229 3337; x_wconf 91' lang='lat' dir='ltr'>aut</span> <span class='ocrx_word' id='word_1_198' title='bbox 243 3275 444 3356; x_wconf 90' lang='lat' dir='ltr'>germanicos</span> <span class='ocrx_word' id='word_1_199' title='bbox 458 3290 621 3332; x_wconf 88' lang='lat' dir='ltr'>sermones</span> <span class='ocrx_word' id='word_1_200' title='bbox 637 3290 655 3330; x_wconf 94' lang='lat' dir='ltr'>a</span> <span class='ocrx_word' id='word_1_201' title='bbox 672 3272 807 3348; x_wconf 92' lang='lat' dir='ltr'>pristina</span> <span class='ocrx_word' id='word_1_202' title='bbox 827 3272 1007 3350; x_wconf 90' lang='lat' dir='ltr'>integritate</span> <span class='ocrx_word' id='word_1_203' title='bbox 1031 3270 1214 3342; x_wconf 92' lang='lat' dir='ltr'>descivisse,</span> <span class='ocrx_word' id='word_1_204' title='bbox 1235 3270 1388 3331; x_wconf 90' lang='lat' dir='ltr'>alterutra</span> 
     </span>
     <span class='ocr_line' id='line_1_26' title="bbox 177 3377 1389 3463; baseline -0.006 -19"><span class='ocrx_word' id='word_1_205' title='bbox 177 3385 329 3463; x_wconf 91' lang='lat' dir='ltr'>opinione</span> <span class='ocrx_word' id='word_1_206' title='bbox 345 3382 496 3453; x_wconf 91' lang='lat' dir='ltr'>admissa,</span> <span class='ocrx_word' id='word_1_207' title='bbox 511 3379 696 3457; x_wconf 89' lang='lat' dir='ltr'>utquisque</span> <span class='ocrx_word' id='word_1_208' title='bbox 715 3380 764 3438; x_wconf 92' lang='lat' dir='ltr'>vel</span> <span class='ocrx_word' id='word_1_209' title='bbox 780 3396 912 3456; x_wconf 89' lang='lat' dir='ltr'>graecae</span> <span class='ocrx_word' id='word_1_210' title='bbox 934 3381 965 3438; x_wconf 91' lang='lat' dir='ltr'>et</span> <span class='ocrx_word' id='word_1_211' title='bbox 987 3377 1116 3449; x_wconf 89' lang='lat' dir='ltr'>latinae,</span> <span class='ocrx_word' id='word_1_212' title='bbox 1140 3378 1190 3437; x_wconf 91' lang='lat' dir='ltr'>vel</span> <span class='ocrx_word' id='word_1_213' title='bbox 1212 3379 1335 3456; x_wconf 88' lang='lat' dir='ltr'>geticae</span> <span class='ocrx_word' id='word_1_214' title='bbox 1357 3382 1389 3437; x_wconf 90' lang='lat' dir='ltr'>et</span> 
     </span>
     <span class='ocr_line' id='line_1_27' title="bbox 178 3483 1176 3571; baseline -0.01 -19"><span class='ocrx_word' id='word_1_215' title='bbox 178 3491 380 3571; x_wconf 88' lang='lat' dir='ltr'>germanicae</span> <span class='ocrx_word' id='word_1_216' title='bbox 393 3489 524 3566; x_wconf 86' lang='lat' dir='ltr'>linguae</span> <span class='ocrx_word' id='word_1_217' title='bbox 538 3487 714 3564; x_wconf 92' lang='lat' dir='ltr'>primatum</span> <span class='ocrx_word' id='word_1_218' title='bbox 727 3483 896 3545; x_wconf 81' lang='lat' dir='ltr'>defendere</span> <span class='ocrx_word' id='word_1_219' title='bbox 910 3483 970 3543; x_wconf 89' lang='lat' dir='ltr'>sibi</span> <span class='ocrx_word' id='word_1_220' title='bbox 986 3487 1176 3562; x_wconf 89' lang='lat' dir='ltr'>sumpserat.</span> 
     </span>
    </p>

    <p class='ocr_par' dir='ltr' id='par_1_7' title="bbox 179 3590 1389 3892">
     <span class='ocr_line' id='line_1_28' title="bbox 216 3590 1388 3673; baseline -0.008 -14"><span class='ocrx_word' id='word_1_221' title='bbox 216 3597 370 3659; x_wconf 86' lang='lat' dir='ltr'>llorhotio</span> <span class='ocrx_word' id='word_1_222' title='bbox 387 3595 485 3673; x_wconf 89' lang='lat' dir='ltr'>igitur</span> <span class='ocrx_word' id='word_1_223' title='bbox 505 3594 585 3653; x_wconf 89' lang='lat' dir='ltr'>haec</span> <span class='ocrx_word' id='word_1_224' title='bbox 605 3597 653 3651; x_wconf 88' lang='lat' dir='ltr'>est</span> <span class='ocrx_word' id='word_1_225' title='bbox 674 3591 792 3668; x_wconf 84' lang='lat' dir='ltr'>duplex</span> <span class='ocrx_word' id='word_1_226' title='bbox 816 3590 886 3650; x_wconf 91' lang='lat' dir='ltr'>laus</span> <span class='ocrx_word' id='word_1_227' title='bbox 908 3590 1089 3660; x_wconf 89' lang='lat' dir='ltr'>tribuenda,</span> <span class='ocrx_word' id='word_1_228' title='bbox 1111 3591 1198 3669; x_wconf 90' lang='lat' dir='ltr'>quia,</span> <span class='ocrx_word' id='word_1_229' title='bbox 1216 3607 1291 3650; x_wconf 93' lang='lat' dir='ltr'>cum</span> <span class='ocrx_word' id='word_1_230' title='bbox 1316 3607 1388 3650; x_wconf 89' lang='lat' dir='ltr'>sen-</span> 
     </span>
     <span class='ocr_line' id='line_1_29' title="bbox 179 3697 1388 3778; baseline -0.011 -11"><span class='ocrx_word' id='word_1_231' title='bbox 179 3707 270 3767; x_wconf 89' lang='lat' dir='ltr'>sisset</span> <span class='ocrx_word' id='word_1_232' title='bbox 285 3704 377 3765; x_wconf 90' lang='lat' dir='ltr'>nulla</span> <span class='ocrx_word' id='word_1_233' title='bbox 399 3703 463 3762; x_wconf 89' lang='lat' dir='ltr'>alia</span> <span class='ocrx_word' id='word_1_234' title='bbox 478 3718 575 3778; x_wconf 86' lang='lat' dir='ltr'>quam</span> <span class='ocrx_word' id='word_1_235' title='bbox 598 3699 658 3778; x_wconf 91' lang='lat' dir='ltr'>ipsi</span> <span class='ocrx_word' id='word_1_236' title='bbox 680 3702 812 3758; x_wconf 89' lang='lat' dir='ltr'>naturae</span> <span class='ocrx_word' id='word_1_237' title='bbox 829 3697 924 3756; x_wconf 91' lang='lat' dir='ltr'>insita</span> <span class='ocrx_word' id='word_1_238' title='bbox 949 3697 1017 3775; x_wconf 88' lang='lat' dir='ltr'>lege</span> <span class='ocrx_word' id='word_1_239' title='bbox 1040 3700 1087 3756; x_wconf 88' lang='lat' dir='ltr'>tot</span> <span class='ocrx_word' id='word_1_240' title='bbox 1106 3697 1223 3757; x_wconf 90' lang='lat' dir='ltr'>mutari</span> <span class='ocrx_word' id='word_1_241' title='bbox 1243 3697 1276 3755; x_wconf 93' lang='lat' dir='ltr'>in</span> <span class='ocrx_word' id='word_1_242' title='bbox 1299 3697 1388 3756; x_wconf 92' lang='lat' dir='ltr'>omni</span> 
     </span>
     <span class='ocr_line' id='line_1_30' title="bbox 179 3803 1389 3892; baseline -0.011 -17"><span class='ocrx_word' id='word_1_243' title='bbox 179 3815 289 3892; x_wconf 89' lang='lat' dir='ltr'>lingua</span> <span class='ocrx_word' id='word_1_244' title='bbox 304 3814 529 3881; x_wconf 67' lang='lat' dir='ltr'>consonantes</span> <span class='ocrx_word' id='word_1_245' title='bbox 554 3807 659 3867; x_wconf 89' lang='lat' dir='ltr'>statim</span> <span class='ocrx_word' id='word_1_246' title='bbox 681 3823 750 3864; x_wconf 92' lang='lat' dir='ltr'>eam</span> <span class='ocrx_word' id='word_1_247' title='bbox 771 3804 872 3882; x_wconf 91' lang='lat' dir='ltr'>legem</span> <span class='ocrx_word' id='word_1_248' title='bbox 889 3807 953 3862; x_wconf 92' lang='lat' dir='ltr'>tam</span> <span class='ocrx_word' id='word_1_249' title='bbox 980 3803 1124 3863; x_wconf 89' lang='lat' dir='ltr'>sollerter</span> <span class='ocrx_word' id='word_1_250' title='bbox 1147 3803 1180 3861; x_wconf 93' lang='lat' dir='ltr'>in</span> <span class='ocrx_word' id='word_1_251' title='bbox 1202 3804 1389 3862; x_wconf 89' lang='lat' dir='ltr'>universum</span> 
     </span>
    </p>
   </div>
   <div class='ocr_carea' id='block_1_3' title="bbox 179 4043 480 4058">
    <p class='ocr_par' dir='ltr' id='par_1_8' title="bbox 179 4043 480 4058">
     <span class='ocr_line' id='line_1_31' title="bbox 179 4043 480 4058; baseline -0.01 -5"><span class='ocrx_word' id='word_1_252' title='bbox 179 4043 480 4058; x_wconf 76' lang='lat'><em>———-..</em></span> 
     </span>
    </p>
   </div>
   <div class='ocr_carea' id='block_1_4' title="bbox 181 4189 1392 4738">
    <p class='ocr_par' dir='ltr' id='par_1_9' title="bbox 211 4189 417 4256">
     <span class='ocr_line' id='line_1_32' title="bbox 211 4189 417 4256; baseline -0.01 -14"><span class='ocrx_word' id='word_1_253' title='bbox 211 4189 247 4256; x_wconf 85' lang='lat' dir='ltr'>(a)</span> <span class='ocrx_word' id='word_1_254' title='bbox 268 4192 339 4251; x_wconf 78' lang='lat' dir='ltr'>unt..</span> <span class='ocrx_word' id='word_1_255' title='bbox 357 4193 417 4241; x_wconf 85' lang='lat' dir='ltr'>roe.</span> 
     </span>
    </p>

    <p class='ocr_par' dir='ltr' id='par_1_10' title="bbox 181 4275 1392 4538">
     <span class='ocr_line' id='line_1_33' title="bbox 212 4275 1392 4351; baseline -0.008 -15"><span class='ocrx_word' id='word_1_256' title='bbox 212 4285 249 4350; x_wconf 81' lang='lat' dir='ltr'>(t)</span> <span class='ocrx_word' id='word_1_257' title='bbox 267 4285 306 4336; x_wconf 85' lang='lat' dir='ltr'>ci.</span> <span class='ocrx_word' id='word_1_258' title='bbox 321 4284 435 4351; x_wconf 87' lang='lat' dir='ltr'>exempli</span> <span class='ocrx_word' id='word_1_259' title='bbox 451 4285 546 4350; x_wconf 83' lang='lat' dir='ltr'>gratie,</span> <span class='ocrx_word' id='word_1_260' title='bbox 560 4284 695 4350; x_wconf 78' lang='lat' dir='ltr'>quaeipse</span> <span class='ocrx_word' id='word_1_261' title='bbox 705 4279 848 4333; x_wconf 88' lang='lat' dir='ltr'>ltlorbofius</span> <span class='ocrx_word' id='word_1_262' title='bbox 861 4279 893 4330; x_wconf 89' lang='lat' dir='ltr'>de</span> <span class='ocrx_word' id='word_1_263' title='bbox 908 4279 1038 4330; x_wconf 79' lang='lat' dir='ltr'>Aventino</span> <span class='ocrx_word' id='word_1_264' title='bbox 1051 4275 1217 4344; x_wconf 83' lang='lat' dir='ltr'>dicet(tlut.‚</span> <span class='ocrx_word' id='word_1_265' title='bbox 1234 4277 1291 4328; x_wconf 72' lang='lat' dir='ltr'>tlt.</span> <span class='ocrx_word' id='word_1_266' title='bbox 1309 4303 1339 4315; x_wconf 97' lang='lat'>-</span> <span class='ocrx_word' id='word_1_267' title='bbox 1355 4277 1392 4327; x_wconf 82' lang='lat' dir='ltr'>lle</span> 
     </span>
     <span class='ocr_line' id='line_1_34' title="bbox 181 4371 1390 4446; baseline -0.007 -16"><span class='ocrx_word' id='word_1_268' title='bbox 181 4381 303 4432; x_wconf 89' lang='lat' dir='ltr'>omnibus</span> <span class='ocrx_word' id='word_1_269' title='bbox 318 4381 363 4446; x_wconf 84' lang='lat' dir='ltr'>qui</span> <span class='ocrx_word' id='word_1_270' title='bbox 387 4382 574 4445; x_wconf 84' lang='lat' dir='ltr'>argumentum</span> <span class='ocrx_word' id='word_1_271' title='bbox 594 4380 655 4428; x_wconf 85' lang='lat' dir='ltr'>ante</span> <span class='ocrx_word' id='word_1_272' title='bbox 678 4389 738 4426; x_wconf 88' lang='lat' dir='ltr'>eum</span> <span class='ocrx_word' id='word_1_273' title='bbox 759 4375 950 4434; x_wconf 77' lang='lat' dir='ltr'>tractaverunt,</span> <span class='ocrx_word' id='word_1_274' title='bbox 967 4373 1002 4426; x_wconf 89' lang='lat' dir='ltr'>ci.</span> <span class='ocrx_word' id='word_1_275' title='bbox 1027 4375 1152 4435; x_wconf 83' lang='lat' dir='ltr'>Reumer,</span> <span class='ocrx_word' id='word_1_276' title='bbox 1168 4376 1199 4424; x_wconf 82' lang='lat'>22</span> <span class='ocrx_word' id='word_1_277' title='bbox 1215 4371 1390 4438; x_wconf 66' lang='lat' dir='ltr'>(aventinus),</span> 
     </span>
     <span class='ocr_line' id='line_1_35' title="bbox 182 4467 1022 4538; baseline -0.007 -12"><span class='ocrx_word' id='word_1_278' title='bbox 182 4478 212 4527; x_wconf 78' lang='lat'>28</span> <span class='ocrx_word' id='word_1_279' title='bbox 224 4474 351 4536; x_wconf 78' lang='lat' dir='ltr'>(Lanius),</span> <span class='ocrx_word' id='word_1_280' title='bbox 368 4477 444 4525; x_wconf 78' lang='grc'>35-36</span> <span class='ocrx_word' id='word_1_281' title='bbox 461 4473 588 4536; x_wconf 80' lang='lat' dir='ltr'>(Flaccius</span> <span class='ocrx_word' id='word_1_282' title='bbox 600 4467 741 4538; x_wconf 79' lang='lat' dir='ltr'>lllyrious),</span> <span class='ocrx_word' id='word_1_283' title='bbox 755 4472 798 4532; x_wconf 81' lang='lat' dir='ltr'>u,</span> <span class='ocrx_word' id='word_1_284' title='bbox 813 4469 842 4518; x_wconf 81' lang='lat' dir='ltr'>tt</span> <span class='ocrx_word' id='word_1_285' title='bbox 855 4467 892 4534; x_wconf 87' lang='lat' dir='ltr'>(c.</span> <span class='ocrx_word' id='word_1_286' title='bbox 907 4470 1022 4532; x_wconf 83' lang='lat' dir='ltr'>Gesner).</span> 
     </span>
    </p>

    <p class='ocr_par' dir='ltr' id='par_1_11' title="bbox 216 4573 516 4636">
     <span class='ocr_line' id='line_1_36' title="bbox 216 4573 516 4636; baseline -0.017 -11"><span class='ocrx_word' id='word_1_287' title='bbox 216 4573 383 4636; x_wconf 84' lang='lat' dir='ltr'>tt)Raumer,</span> <span class='ocrx_word' id='word_1_288' title='bbox 399 4573 441 4632; x_wconf 83' lang='grc'>56,</span> <span class='ocrx_word' id='word_1_289' title='bbox 457 4573 516 4621; x_wconf 82' lang='lat' dir='ltr'>5t2.</span> 
     </span>
    </p>

    <p class='ocr_par' dir='ltr' id='par_1_12' title="bbox 215 4667 535 4738">
     <span class='ocr_line' id='line_1_37' title="bbox 215 4667 535 4738; baseline -0.019 -14"><span class='ocrx_word' id='word_1_290' title='bbox 215 4670 251 4738; x_wconf 78' lang='lat'>(2)</span> <span class='ocrx_word' id='word_1_291' title='bbox 269 4669 320 4732; x_wconf 78' lang='lat' dir='ltr'>ld,</span> <span class='ocrx_word' id='word_1_292' title='bbox 337 4670 394 4728; x_wconf 77' lang='lat' dir='ltr'>tar,</span> <span class='ocrx_word' id='word_1_293' title='bbox 411 4667 535 4721; x_wconf 77' lang='lat' dir='ltr'>ela-513.</span> 
     </span>
    </p>
   </div>
   <div class='ocr_carea' id='block_1_5' title="bbox 0 0 1755 5452">
    <p class='ocr_par' dir='ltr' id='par_1_13' title="bbox 0 0 1755 5452">
     <span class='ocr_line' id='line_1_38' title="bbox 0 0 1755 5452; baseline 0 0"><span class='ocrx_word' id='word_1_294' title='bbox 0 0 1755 5452; x_wconf 95' lang='lat' dir='ltr'> </span> 
     </span>
    </p>
   </div>
  </div>
 </body>
</html>
