3462 5452
808 622 983 667 ..lx—-

291 770 397 851 esset,
418 762 559 859 penitus
580 762 760 858 delapsam
792 773 826 835 et
860 764 989 835 misere
1013 770 1212 857 corruptam
1243 785 1321 832 esse
1348 760 1505 854 linguam

292 895 546 992 germanicam,
567 897 867 994 vehementerque
884 898 1018 970 doleret
1032 920 1231 968 sermonem
1249 896 1401 991 patrium
1422 916 1507 965 con-

272 1017 273 1032 *
294 1029 402 1100 temni
426 1052 466 1099 ac
481 1028 610 1116 deseri,
632 1031 709 1125 ejus
727 1030 936 1102 restituendi
955 1053 1098 1126 operam
1115 1035 1210 1101 recto
1243 1028 1402 1099 instituto
1426 1051 1506 1098 sus-

294 1162 386 1257 cepit
403 1169 437 1234 et
454 1187 524 1258 qua
537 1161 596 1233 via
612 1169 686 1234 tuto
707 1163 913 1258 hujusmodi
933 1162 1132 1234 emendatio
1153 1168 1246 1233 esset
1266 1158 1507 1256 aggredienda

293 1295 513 1368 monstravit.

342 1430 419 1499 Non
454 1436 506 1499 est
529 1430 687 1525 prolecto
718 1428 1035 1500 infitiaseundum
1070 1451 1152 1499 eum
1183 1426 1302 1498 omnia
1337 1449 1427 1522 quae
1462 1425 1506 1496 ad

297 1562 498 1656 linguarum
532 1561 728 1632 doctrinam
769 1561 944 1657 pertinent
978 1585 1118 1631 summa
1154 1584 1293 1655 semper
1331 1556 1507 1629 industria

294 1692 519 1790 maximoque
553 1695 670 1765 studio
698 1719 776 1766 esse
805 1703 1030 1790 prosecutum
1059 1701 1093 1764 et
1123 1693 1165 1764 de
1196 1717 1237 1763 ea
1264 1691 1441 1787 duplicem
1471 1690 1506 1760 in

293 1827 439 1899 modum
466 1828 597 1924 optime
622 1852 700 1900 esse
727 1827 904 1899 meritum.

343 1960 432 2032 Hinc
460 1960 553 2032 enim
578 1961 776 2032 communis
809 1984 889 2031 curn
919 1960 1047 2031 Lockio
1076 1961 1161 2031 haec
1194 1967 1247 2031 est
1274 1958 1305 2029 ei
1336 1956 1413 2029 laus
1445 1955 1507 2026 tri-

295 2091 448 2181 buenda,
469 2093 565 2188 quod
586 2092 730 2188 eloquii,
757 2118 864 2190 quarn
888 2093 1022 2180 dicunt,
1042 2091 1304 2188 philosophiam
1324 2088 1503 2163 condidit:

293 2224 388 2295 illinc
421 2227 625 2321 conjunctas
655 2225 690 2295 in
724 2226 888 2298 omnibus
920 2226 993 2296 lere
1023 2224 1118 2297 orbis
1144 2231 1316 2295 terrarum
1347 2221 1507 2318 partibus

295 2380 375 2427 cum
398 2357 640 2430 eruditissimo
664 2366 697 2430 et
724 2359 969 2455 potentissimo
990 2382 1133 2454 quoque
1157 2356 1329 2427 amicitias
1349 2355 1392 2426 ad
1412 2353 1508 2426 utili-

295 2498 401 2560 tatem
421 2488 623 2584 linguarum
646 2490 825 2562 doctrinae
847 2489 993 2563 contulit
1013 2498 1045 2560 et
1067 2488 1225 2584 undique
1244 2479 1505 2582 quamplurima

294 2621 619 2694 diversissimorum
648 2648 851 2695 sermonum
880 2623 1074 2719 specimina
1102 2620 1219 2714 colligi
1247 2618 1404 2704 curavit;
1437 2640 1507 2714 quo

294 2757 506 2847 factumest,
526 2765 563 2828 ut
583 2757 743 2830 inaudita
757 2765 859 2830 antea
876 2758 1167 2830 documentorum
1187 2754 1288 2850 copia
1305 2753 1507 2847 linguarum

295 2890 463 2962 studiosis
482 2894 559 2987 ejus
581 2892 752 2964 beneficio
771 2892 1070 2988 suppeditaretur.
1095 2890 1195 2961 Adde
1217 2887 1312 2985 quod
1332 2889 1408 2983 ejus
1427 2908 1508 2955 auc-

292 3020 430 3093 toritate
453 3021 555 3093 multi
574 3022 618 3093 ad
642 3021 873 3118 inquirendas
900 3022 1039 3118 linguas
1063 3021 1127 3092 viri
1158 3018 1250 3091 docti
1273 3041 1364 3090 novo
1383 3014 1507 3086 ardore

293 3153 426 3225 incensi
459 3164 600 3228 suntet
627 3179 745 3226 rerum
772 3155 817 3227 ad
846 3156 986 3252 linguas
1012 3153 1263 3252 pertinentium
1292 3175 1388 3239 cura,
1417 3153 1508 3247 jarn-

293 3288 428 3360 dudum
447 3290 541 3386 apud
560 3288 724 3361 cultiores
748 3297 781 3360 et
806 3289 987 3385 politiores
1005 3289 1099 3361 viros
1123 3287 1323 3372 imminuta,
1341 3308 1402 3381 per
1426 3306 1507 3353 eum

294 3423 407 3518 gratia
429 3423 556 3494 iterurn
582 3423 704 3495 valuit.

345 3558 467 3652 ltaque
485 3558 562 3653 ejus
582 3556 793 3645 fautoribus
807 3557 835 3628 si
857 3581 924 3628 non
944 3557 1035 3628 ultra
1052 3563 1171 3627 essent
1189 3551 1381 3650 progressi,
1400 3574 1508 3647 quam

294 3699 332 3762 ut
358 3715 439 3762 eum
463 3692 507 3762 de
536 3692 625 3763 bene
650 3716 689 3762 ac
717 3690 876 3763 sollerter
906 3691 1075 3764 conlectis
1104 3690 1158 3759 his
1180 3688 1287 3760 rebus
1302 3687 1505 3773 laudarent,

293 3825 396 3921 plane
424 3848 463 3895 ac
488 3823 636 3895 libenter
665 3832 757 3896 esset
786 3825 1064 3896 assentiendum.

342 3957 413 4029 Sed
440 3956 543 4052 longe
572 3957 672 4029 aliter
702 3983 739 4030 se
766 3982 821 4028 res
842 3957 960 4047 habet,
990 3957 1049 4029 ubi
1077 3957 1121 4028 ad
1142 3956 1175 4026 id
1198 3955 1347 4043 venitur,
1372 3961 1410 4024 ut
1428 3977 1509 4049 per-

295 4091 482 4187 pendatur,
513 4091 599 4187 quid
626 4116 707 4163 vere
734 4091 815 4163 novi
847 4099 879 4163 et
903 4090 1116 4178 inconcussi,
1148 4090 1203 4160 vel
1233 4089 1276 4160 ad
1305 4088 1507 4182 linguarum

295 4221 450 4318 origines
475 4229 509 4294 et
535 4223 761 4318 cognationes
789 4223 941 4294 lucidius
967 4222 1241 4317 dignoscendas,
1277 4220 1332 4292 vel
1364 4219 1408 4289 ad
1435 4219 1508 4290 sin-

295 4356 398 4453 gulos
422 4380 603 4429 sermones
623 4356 829 4452 diligentius
846 4356 1080 4453 explorandos
1102 4363 1135 4426 et
1158 4355 1193 4425 in
1212 4347 1350 4426 classes
1363 4353 1507 4424 distinc-

297 4490 367 4562 tius
399 4489 676 4578 distribuendos
716 4490 772 4562 vel
802 4491 845 4562 ad
876 4488 1145 4588 etymologicam
1180 4488 1352 4559 rationem
1379 4485 1507 4560 melius
